2672 4968
477 475 638 532 ...273-

295 610 352 672 per
363 595 533 661 fenestram
544 600 700 664 maceriae

295 699 465 766 dimittitur
478 706 518 767 ab
531 705 609 769 acie.

284 839 375 900 ,1111111
389 837 536 919 desperat
549 841 589 904 de
599 842 709 924 venia,

295 949 430 1024 cogente
443 947 654 1032 couscientia,

294 1050 377 1130 tagit
389 1070 526 1134 nequam
539 1072 596 1135 par
610 1056 716 1139 devia,

294 1158 405 1221 mortis
418 1159 533 1223 timens
548 1161 655 1226 exitia.

294 1293 362 1354 Huc
372 1296 406 1355 et
418 1292 493 1357 illuc
506 1295 726 1380 progreditur,

293 1398 404 1478 iugera
416 1404 552 1464 mortem
570 1401 697 1485 nititur,

292 1505 349 1568 sed
359 1506 458 1570 latere
471 1525 539 1570 noa
551 1509 668 1572 fruitur

291 1610 347 1692 qui
358 1612 420 1675 hae
433 1614 552 1676 scelere
564 1615 728 1694 premitur.

159 1805 164 1816 ,
291 1747 493 1826 Compertum
507 1749 799 1831 estpraepositum,

290 1848 337 1928 sic
347 1853 484 1915 latenter
497 1855 678 1934 expositum

291 1957 427 2040 fugisse,
444 1977 485 2022 ne
498 1960 661 2025 interitum
677 2013 680 2020 .

289 2066 402 2129 subeat
413 2070 541 2148 propter
553 2069 714 2134 meritum.

289 2201 408 2264 Passim
417 2219 473 2281 per
489 2206 590 2266 terras
599 2205 773 2285 quaeritur,

289 2309 420 2371 tandem
430 2311 573 2388 repertus
587 2310 722 2392 capitur,

290 2417 331 2479 ad
342 2415 499 2495 Judiaium
512 2414 660 2498 trahitur,

289 2522 376 2602 quod
387 2521 562 2602 promeruit
574 2521 704 2602 patitur.

288 2660 436 2719 Tortores
449 2633 595 2718 teneritas
608 2673 700 2738 eum,

287 2768 413 2844 ponunt
424 2764 457 2826 in
469 2766 551 2827 eollo
565 2765 732 2846 laqueum,

289 2871 426 2934 trahitur
438 2871 479 2933 ad
492 2874 680 2953 equuleum=

287 2979 359 3041 talis
371 2995 473 3058 poena
488 2978 581 3041 decet
590 2996 692 3041 reum.

286 3115 322 3173 111
333 3112 470 3192 equuleo
482 3111 629 3193 ponitur,

287 3217 415 3298 pugnis,
430 3216 568 3279 fustibus
579 3215 738 3296 caeditur,

285 3342 380 3389 saeva
393 3323 517 3403 flagella
531 3321 667 3402 patitur:

286 3431 332 3494 sia
344 3429 505 3495 cruciatus
518 3427 664 3492 moritur.

286 3567 348 3627 lste
361 3567 530 3645 postquam
544 3564 690 3626 mortuus
704 3566 770 3644 est,

285 3671 427 3751 patibula
440 3685 613 3750 suspensus
625 3672 690 3731 est:

285 3777 329 3840 ita
346 3778 473 3841 tractari
486 3777 601 3857 dignus
614 3780 681 3857 est,
793 3827 795 3832 .

285 3883 340 3964 qui
351 3883 495 3964 proditor
505 3884 657 3963 probatus
671 3885 728 3944 est.

285 4021 464 4084 Redeamus
476 4017 518 4081 ad
529 4019 623 4081 alias.

287 4125 461 4207 iniquitatis
475 4124 574 4204 sitias,
