2662 4968
479 398 645 454 0169-

98 513 176 578 Hinc
190 532 264 578 cum
276 516 316 578 de
326 516 442 581 vicinia
455 517 585 598 quidam
601 521 780 598 accusaret,

97 625 129 683 et
142 640 251 686 coram
264 623 412 704 episcopo
426 625 570 687 chartam
581 625 766 705 ventilaret,

95 728 322 809 (lilbcllumque
336 729 443 794 curiae
454 747 548 792 suum
562 733 838 810 [re]praesentaret
847 777 857 808 ‚,
925 789 929 799 .

96 837 128 896 et
143 837 274 899 chartae
287 836 431 900 notarius
444 839 516 900 acta
529 836 714 917 compilarat
725 858 738 918 ς

94 963 175 1022 Fece
187 961 311 1023 Fratres
323 959 474 1038 veniunt,
489 959 575 1039 capis
589 958 736 1041 elevatis,

92 1068 184 1145 parte
198 1068 263 1129 lere
273 1065 378 1130 media
390 1066 547 1130 bracchiis
561 1066 706 1148 nudatis,

92 1175 246 1238 extractis
258 1176 414 1257 capuciis,
430 1174 531 1240 oculis
545 1175 716 1256 [e]levatis‚

92 1281 281 1361 inceperunt
292 1283 398 1346 dicere
410 1282 550 1348 vultibus
562 1282 652 1345 iratis
665 1310 673 1344 ε

92 1407 155 1466 Gur
168 1407 217 1467 cst
227 1405 370 1470 actitatio
384 1410 428 1482 (l)
442 1410 554 1471 contra
565 1410 688 1487 iustum
702 1410 805 1488 mota,

92 1513 185 1591 cuius
198 1514 276 1574 esta
291 1512 423 1576 crimine
438 1512 504 1578 vita
518 1515 639 1578 munda
654 1516 745 1577 tota?

92 1621 168 1699 Ejus
182 1622 232 1681 est
244 1620 402 1685 confessio
415 1621 507 1684 nobis
520 1622 602 1684 bene
615 1624 708 1702 nota,

91 1743 149 1804 per
160 1743 255 1806 quem
267 1727 301 1799 (l.
317 1732 426 1809 quam)
439 1727 635 1792 conscicntia
648 1731 696 1790 est
710 1746 728 1790 a
743 1729 814 1790 labe
828 1729 904 1791 lota.

92 1852 239 1913 Fratrum
252 1850 435 1914 testimonio
449 1851 507 1916 ivit
522 1852 687 1914 absolutus

91 1956 144 2018 ille
158 1959 207 2023 tut
219 1957 390 2022 sceleribus
404 1959 565 2039 tantisque
576 1959 737 2038 pollutus,

91 2061 146 2142 qui
158 2080 224 2126 non
235 2066 360 2127 tantum
373 2064 541 2146 pessimam
555 2063 653 2128 vitam
666 2066 715 2126 est
728 2066 873 2144 secutus,

90 2170 149 2231 sed
160 2169 221 2233 luit
232 2171 407 2252 majoribus
422 2171 511 2250 clipis
524 2174 568 2246 (2)
582 2171 755 2234 involutus.

88 2293 165 2356 lnde
180 2294 240 2358 luit
251 2294 421 2377 postmodo
434 2296 519 2356 lacta
532 2295 691 2356 cantilena
707 2322 714 2354 ι

87 2407 213 2466 Bonum
226 2400 443 2465 testimouium
457 2403 542 2463 bona
556 2399 632 2464 lacit
645 2417 745 2463 coena
756 2448 764 2482 ,

89 2507 304 2588 foecundiquc
317 2508 433 2571 calices
447 2510 479 2570 et
490 2507 579 2572 dives
593 2495 764 2586 crumena3

85 2616 147 2680 ista
161 2617 286 2679 Fratres
301 2615 438 2696 diligunt
452 2618 485 2678 et
497 2616 652 2695 spernunt
665 2617 802 2676 terrena.
882 2691 885 2698 Ι

84 2751 167 2814 Olim
181 2749 364 2830 aprincipio
375 2749 492 2813 vestitu
506 2747 667 2829 contenti,

86 2949 178 3018 nunc
189 2958 373 3036 quaestores
387 2953 477 3036 olivi5
492 2954 557 3018 vini
570 2956 602 3016 et
614 2954 784 3034 frumenti,

87 3082 155 3126 non
170 3065 246 3126 suut
259 3062 301 3124 ad
312 3061 481 3142 pecuniam
492 3061 751 3142 congregandam
762 3061 851 3123 lenti.

87 3191 136 3264 [C]
149 3185 181 3251 Si
196 3186 275 3249 ordo
288 3187 385 3266 hujus
397 3185 519 3262 (moris)
531 3202 598 3248 non
611 3187 695 3247 esset
704 3201 868 3265 egressum,

86 3291 231 3355 mundus
244 3295 293 3356 tot
305 3292 445 3372 pericula
458 3309 525 3354 uun
536 3293 620 3355 esset
632 3307 800 3372 perpessus
811 3317 820 3370 3

86 3402 262 3479 antequam
275 3416 483 3480 prosequerer
496 3415 609 3460 eorum
625 3413 793 3478 excessus,

84 3507 155 3570 scio
169 3506 256 3586 quod
267 3505 414 3569 millefius
427 3507 461 3582 (l.
469 3503 617 3568 millesies
627 3509 651 3581 l)
664 3502 751 3585 prius
763 3519 865 3566 essem
879 3503 991 3565 lessus.

84 3629 150 3694 scd
161 3629 245 3692 sicut
258 3631 298 3692 de
312 3628 396 3694 vitiis
409 3628 540 3694 recitavi
552 3629 726 3711 quaedam,

84 3737 133 3800 ita
148 3737 189 3800 de
201 3737 373 3802 virtutibus
386 3757 473 3801 nunc
487 3755 665 3802 sermonem
679 3736 790 3818 edam,

20 3942 44 3996 (l)
62 3944 200 4000 Poursuitc3
222 3956 249 3988 ce
268 3949 314 3989 mat
328 3956 425 4001 marique
438 3945 495 3990 dans
515 3946 535 3990 lc
597 3946 625 4002 (2)
641 3946 672 3991 (lc
695 3950 740 3989 mot
761 3945 799 4000 qui
818 3957 915 4002 mauqus
933 3947 988 3990 dans
1007 3949 1056 3991 tous
1079 3947 1114 3992 les

10 4005 193 4120 kemetam.
209 4005 336 4060 llensclral3
357 4017 385 4051 on
402 4006 438 4062 n’y
457 4012 535 4051 trouve
570 4007 699 4114 Qum*
719 4007 782 4050 vient
795 4018 847 4056 saus
866 4007 931 4052 doale
954 4008 983 4052 de
1005 4003 1110 4062 Κλεπος,
