2676 4968
491 453 657 508 -395-

111 576 192 638 Talia
207 577 283 639 dum
297 577 429 639 mandat
442 581 626 641 constanter
640 579 749 658 home,
765 581 847 640 Deus
861 575 966 659 idem,

148 681 247 747 suevit
257 683 396 746 Iudaeus
409 687 443 746 et
458 685 646 748 Pharisaeus
660 685 700 746 nd
716 684 806 747 hoec.

110 791 299 854 lusidiantur
312 791 359 872 ei,
375 792 546 856 verborum
560 791 640 856 retia
654 791 813 871 tendunt,

147 918 180 962 se
193 901 290 965 verbo
303 901 441 963 Verbum
453 900 562 963 tallere
575 917 668 980 posse
681 902 806 980 putant.

107 1006 195 1082 Quod
209 1007 284 1087 quia
300 1025 364 1070 non
377 1011 534 1088 possunt,
548 1008 720 1070 intendunt
732 1007 865 1070 erimine
876 1009 977 1089 fuiss,

145 1113 218 1193 sed,
234 1112 294 1175 nisi
307 1130 380 1176 cum
393 1112 511 1194 voluit,
528 1116 616 1176 treus
629 1112 709 1175 nihil
721 1113 774 1176 illa
787 1113 857 1176 fuit.

106 1223 181 1282 Nam
195 1221 308 1282 contra
320 1219 488 1282 Dominum
502 1237 568 1283 non
582 1222 630 1282 est
644 1219 818 1302 supientia,
834 1237 901 1283 non
915 1223 966 1284 est

145 1326 329 1407 consilium,
345 1326 465 1407 virtus,
480 1344 586 1391 sermo
597 1328 648 1391 vel
659 1326 835 1407 ingenium.

105 1437 186 1512 Ergo
200 1450 274 1496 cum
286 1432 388 1497 voluit
401 1436 509 1495 tentus
523 1432 601 1515 tuit,
623 1451 733 1513 aspera
747 1433 829 1496 lenis

144 1540 312 1623 sustinuit,
327 1541 453 1611 clavos,
469 1541 620 1620 verbera,
634 1541 770 1621 probra,
786 1557 935 1620 crucem,

103 1655 138 1711 ln
151 1667 245 1712 cruce
260 1649 448 1730 defunctus,
463 1652 568 1710 terrae
580 1648 770 1728 mandatus,
786 1645 885 1710 odivit

141 1760 288 1839 Tartaru,
303 1755 478 1837 confregit,
494 1773 568 1819 curn
580 1753 689 1834 spoliis
703 1754 818 1835 rediit,

101 1862 264 1942 Discipulis
277 1863 364 1925 visus
380 1865 429 1924 est
445 1861 659 1943 quadraginta
678 1861 808 1942 diebuS,

143 1969 282 2032 'rhomae
295 1969 489 2049 palpandum
507 1967 653 2050 praebuit
666 1967 733 2048 ipse
745 1969 850 2050 latus,

100 2078 355 2155 corporeumque
369 2075 475 2138 cibum
489 2073 640 2155 sumpsit,
660 2074 864 2137 cernentibus
877 2073 960 2155 iliis,

141 2184 178 2243 ut
190 2184 423 2244 monstraretur
436 2181 542 2246 vivere
556 2197 631 2243 vera
646 2197 733 2243 caro.

100 2286 241 2368 Denique
250 2286 347 2367 jussit
360 2303 416 2349 eos
432 2289 537 2348 totum
551 2285 687 2348 transire
700 2302 756 2365 per
770 2286 880 2348 orbem

139 2397 172 2456 et
184 2411 293 2457 veram
305 2393 430 2472 populis
444 2391 606 2454 insinuare
619 2391 736 2473 sidem,

99 2503 138 2564 ut
152 2499 299 2580 credant,
314 2501 351 2560 ut
364 2500 480 2578 agant,
495 2500 533 2560 ut
546 2499 738 2560 sacrofonte
755 2496 903 2560 laventur

140 2608 173 2668 et
186 2605 263 2669 salvi
278 2605 375 2686 fiant,
396 2605 445 2668 sin
460 2604 538 2667 nlius
549 2603 684 2684 perient.

98 2712 152 2775 His
166 2711 278 2793 dictis,
291 2713 451 2776 benedicit
464 2712 528 2795 eis,
548 2714 702 2793 coeloque
716 2714 880 2792 receptus,

141 2818 297 2898 promisso
311 2819 412 2882 Patris
422 2837 557 2882 munere
569 2820 676 2882 firmet
688 2837 754 2882 eos.

98 2923 232 3004 Spiritus
245 2925 329 2986 inter
342 2942 397 2988 eos
411 2925 443 2987 in
457 2925 576 3004 linguis
589 2925 676 2988 venit
690 2927 722 2988 et
734 2926 829 3006 igne,

139 3033 177 3092 ut
189 3047 245 3110 per
257 3031 353 3094 verba
368 3030 469 3093 ssunut
482 3048 563 3110 quos
577 3047 667 3093 sacer
680 3033 754 3093 uret
766 3049 868 3094 amor.

98 3143 201 3218 Ergo,
215 3138 330 3202 muniti
342 3137 461 3218 linguis
474 3141 508 3200 et
520 3155 629 3200 amore
643 3138 806 3218 calentes,

140 3245 243 3308 securi
257 3244 371 3308 Christi
390 3262 507 3308 nomen
521 3243 639 3324 ubique
656 3245 783 3322 terunt,

95 3351 188 3416 Unde
201 3353 342 3432 flagella,
357 3369 487 3431 cruoeS,
502 3350 608 3431 ignes,
625 3349 747 3429 gladios
759 3349 944 3431 patiuntur;
1004 3419 1016 3444 x

139 3458 198 3520 sed
210 3458 320 3538 poeuis
333 3457 403 3521 iilos
414 3457 542 3522 vincere
555 3474 650 3520 nemo
664 3458 779 3537 potest.

96 3563 182 3638 Quin
196 3563 255 3626 sibi
268 3566 385 3628 collato
398 3565 442 3642 (1)
454 3563 609 3628 virtutum
623 3582 756 3628 munere
770 3581 864 3644 reges

139 3673 174 3734 et
186 3674 319 3752 populos
332 3672 446 3736 Christi
460 3690 655 3753 supposuere
665 3675 757 3753 jugo.

96 3782 124 3843 0
139 3797 223 3843 nove
237 3797 287 3843 res
299 3780 307 3843 Ξ
323 3785 444 3845 Morum
454 3780 590 3844 mutatio
602 3783 691 3844 tanta
705 3780 802 3844 tiebat

139 3885 245 3966 utqui
260 3889 363 3968 major
375 3891 445 3951 erut
458 3886 596 3968 gaudeat
607 3905 676 3952 esse
690 3886 816 3967 minor,

14 4127 45 4184 1¹)
61 4124 213 4182 Mopsiorum
225 4125 282 4170 dous
295 4127 322 4171 n.
