2672 4968
481 433 638 488 -197-
676 465 678 470 ·

231 556 417 637 pinguitalis
429 557 473 632 (l)
485 554 607 635 poculis
620 555 740 640 plenas.

231 666 300 726 Non
311 680 362 724 me
369 664 461 741 juvat
475 662 599 723 tantum
614 659 794 724 convivium

232 770 388 851 quantum
401 772 474 848 post
488 770 580 832 dulce
595 769 807 850 colloquium
902 811 905 816 ι

231 877 294 936 Nec
307 889 414 935 rerum
428 873 590 934 tantarum
602 872 730 934 ubertas

231 981 268 1042 ut
281 977 395 1041 dilecta
410 976 615 1040 familiaritas.

230 1089 298 1148 lam
313 1092 400 1148 nunc·
412 1083 496 1166 veni,
514 1087 609 1148 Soror
622 1085 721 1147 electa

231 1195 264 1254 et
275 1208 351 1271 prae
362 1187 485 1253 eunctis
496 1189 573 1252 mihi
586 1189 700 1252 dilecta
713 1237 721 1268 ,

233 1301 301 1358 Lux
313 1311 404 1359 meae
417 1296 502 1358 clara
516 1293 652 1374 pupillae
664 1342 672 1374 ,

233 1417 368 1481 parsque
382 1402 485 1480 major
497 1399 622 1462 animae
631 1417 730 1462 meae.

236 1507 301 1583 Ego
315 1504 362 1566 lui
373 1504 439 1566 sola
453 1502 485 1578 (l.
499 1503 619 1577 solusl)
630 1502 664 1564 in
677 1501 753 1565 silva

236 1612 268 1671 et
281 1607 378 1670 dilexi
388 1608 459 1670 luca
470 1610 592 1672 secreta
604 1635 612 1688 3

236 1710 428 1788 Frequeuler
441 1707 540 1788 eliugi
554 1710 726 1771 tumultum

236 1816 269 1876 et
281 1811 377 1878 vitavi
398 1814 550 1894 populum
563 1812 709 1876 multum.

235 1918 420 1999 uerissima,
435 1920 498 1983 noli
512 1919 657 1998 tardare3

237 2024 423 2088 studeamus
436 2041 496 2088 nos
510 2042 597 2087 nuuc
611 2039 737 2102 amare,

236 2128 310 2194 Sine
323 2134 355 2193 le
368 2147 435 2192 non
448 2133 559 2210 potero
570 2129 676 2192 vivere
690 2158 697 2191 :

234 2232 301 2309 jam
315 2229 407 2292 decet
420 2246 561 2293 amorem
574 2230 736 2309 perficere.

235 2332 318 2407 Quid
328 2334 421 2413 Juvat
433 2331 578 2412 diffeme,
593 2333 715 2412 Electa,

237 2453 320 2517 quae
329 2439 407 2498 sunt
416 2440 523 2500 tamen
537 2440 609 2517 post
623 2436 787 2500 iacienda?

236 2545 298 2606 Fae
309 2542 372 2606 cita
381 2543 469 2623 quod
481 2543 542 2606 eris
557 2545 698 2623 lactura,

183 2681 186 2688 ·
237 2644 334 2718 inme
347 2662 413 2708 uon
427 2645 593 2726 estaliqua
607 2662 707 2708 mora.

44 2828 85 2888 La
97 2824 247 2906 musique
267 2829 300 2888 et
319 2828 365 2890 les
382 2827 496 2890 ohants
516 2826 681 2907 laisaieul‚
701 2843 825 2890 comme
847 2843 891 2889 on
914 2824 1002 2904 voit,.
1024 2819 1125 2903 partie

13 2923 185 3012 integrante
201 2931 240 2994 de
248 2931 431 2996 l’ordinaire
443 2933 499 2995 des
511 2932 633 3014 festius,
646 2934 680 2994 et
690 2932 712 2994 il
725 2931 822 2994 serait
831 2931 925 2996 facile
935 2930 976 2994 de
988 2947 1125 3010 prouver

14 3047 62 3110 par
76 3054 141 3098 une
159 3036 247 3099 foule
260 3035 300 3099 de
312 3036 531 3117 tdmoignages
545 3036 621 3118 qu’il
637 3054 677 3099 en
696 3035 773 3099 dtait
790 3035 871 3100 ainsi
889 3037 966 3099 ohez
983 3036 1062 3098 tous
1079 3034 1125 3095 les

14 3142 155 3221 peuples:
172 3157 255 3204 nous
267 3157 351 3204 nous
363 3142 540 3204 bomemus
552 3138 571 3202 a
585 3157 626 3202 en
639 3144 804 3220 rapporter
818 3140 913 3202 deux.

247 3308 296 3371 dd
308 3324 452 3371 mensam
465 3305 573 3387 magni
585 3305 734 3386 principis

217 3489 218 3492 Ἴ
249 3417 474 3490 estrumurffl)
487 3411 703 3491 uniusbovis3

248 3524 480 3601 praesentatur,
495 3523 532 3581 ut
545 3520 669 3600 fabula,

41 3771 66 3826 (l)
79 3772 205 3817 Paul-alre
225 3770 305 3815 faui-ll
326 3770 366 3814 Ιίῐθ
383 3769 554 3825 Flammas,
624 3775 693 3816 Dicite,
708 3775 785 3808 rumoris
795 3785 844 3808 naum
853 3775 898 3816 quid
908 3775 962 3809 noble
971 3773 1068 3810 resumtis?

19 3829 118 3887 liquours
128 3833 268 3890 pimeuldem
282 3833 380 3888 quoique
392 3843 419 3875 ee
430 3838 477 3892 mol
488 3844 556 3876 maa·
750 3847 878 3898 3¹40de
892 3847 920 3892 fr·
935 3860 966 3903 n,
980 3861 1002 3892 ι
1014 3851 1049 3892 ω,

19 3903 55 3946 que
77 3896 138 3940 aussi
157 3895 214 3940 daus
230 3895 251 3939 la
264 3893 366 3939 nouvelle
384 3894 466 3939 dditiou
484 3895 512 3939 da
526 3896 557 3938 du

21 3953 95 4011 Gange.
593 3945 628 3990 On
641 3950 719 3990 trouve
728 3945 778 4000 ddja
790 3945 845 3989 dans
860 3944 966 3987 Horace:

41 4049 66 4106 (ll
78 4051 169 4097 Rumor
181 4051 286 4108 signillait
304 4052 359 4100 dans
379 4054 399 4097 le
418 4064 497 4108 moyen
514 4055 555 4106 age
626 4037 712 4076 ffigfflffl
721 4046 733 4067 ‘¹
742 4035 813 4068 Μὴ
823 4037 887 4068 '‘m“
895 4043 928 4074 ¹³⁰¹
937 4033 1017 4073 ΜΡΝ
1026 4040 1093 4064 rumor.

22 4113 130 4166 maella,
142 4116 225 4158 euole:
699 4107 805 4162 Sallues,
821 4109 834 4150 l.
850 4122 880 4162 u,
894 4112 937 4152 sai.
951 4119 989 4160 vi,
1004 4118 1026 4152 v.
1040 4109 1075 4149 5⁰.
