2684 4970
693 431 856 490 ——slt-

297 555 350 634 ut,
365 554 515 634 prodesse
530 554 638 618 voleus
651 572 689 617 ac
702 556 860 620 delectare
873 557 1048 636 legentem,

298 661 434 724 scribam
447 677 515 724 rem
529 662 668 742 gestam,
682 664 800 726 multos
813 664 979 744 hucusque
993 663 1158 726 latentem.

300 770 380 830 Vera
393 765 434 828 sit
447 784 488 830 an
501 768 598 848 salsa,
613 767 692 832 nihil
702 770 745 832 ad
754 787 826 850 ine,
840 769 886 834 sic
896 771 1101 850 memoratur,

298 872 344 938 sic
357 874 500 938 referunt
512 891 641 956 omnes3
656 879 693 938 ut
703 874 909 958 scripulum)
923 875 968 940 sic
979 879 1139 940 tencatur.

300 978 391 1054 Quod
404 978 431 1042 si
444 997 529 1061 pars,
543 983 687 1048 totumve
696 981 753 1046 tibi
767 981 876 1046 lictum
891 980 1048 1062 videatur,

299 1100 365 1148 nou
378 1084 491 1167 nobis,
506 1089 631 1168 Lector,
645 1092 774 1170 reputes
786 1089 843 1152 sed
853 1088 882 1154 ei
893 1087 1065 1168 tribuatur,

298 1195 324 1255 l
338 1209 402 1273 quo
413 1193 566 1258 materiae
575 1194 712 1275 primum
722 1195 865 1261 manavit
875 1195 982 1276 origo,

298 1316 359 1364 nec
372 1313 431 1364 nos
444 1300 575 1366 alterius
588 1302 682 1366 debet
696 1304 819 1366 fuscare
833 1301 958 1382 rubigo.

298 1407 384 1472 assis
398 1425 490 1490 ergo,
503 1413 586 1472 beus
598 1410 754 1492 clemens,
769 1409 803 1474 in
817 1412 910 1490 cuius
922 1410 1044 1472 honore

297 1513 434 1578 sumitur
446 1513 507 1578 iste
519 1516 621 1596 labor,
634 1515 792 1596 solitoque
805 1517 877 1580 fave
889 1513 967 1576 mihi
978 1511 1082 1575 morel

360 1622 440 1688 Urbs
453 1620 514 1685 luit
526 1621 681 1704 insignis,
695 1625 819 1688 veteres
832 1640 929 1704 quum
941 1626 986 1698 (a)
998 1618 1218 1695 constituere,

301 1731 456 1810 lloganus
469 1733 565 1810 atque
578 1733 647 1794 Scia
658 1734 720 1810 (3),
735 1731 853 1793 llumen
865 1728 1035 1808 rivosque,
1051 1727 1168 1790 derlee

300 1838 438 1916 Nomen,
454 1838 487 1898 et
496 1835 571 1898 iude
585 1835 646 1900 luit
657 1835 796 1916 primum
807 1834 970 1916 Mogontia
985 1833 1068 1896 dicta

301 1941 430 2005 nomine
442 1942 638 2024 composito,
653 1945 779 2006 nonest
793 1942 925 2007 assertio
939 1943 1024 2005 licta.

304 2048 360 2111 llic
374 2048 459 2115 cives
472 2053 597 2114 veteres
610 2051 789 2113 monstrant
800 2067 928 2113 murum
938 2047 1091 2112 cecidisse

305 2158 402 2236 atque
413 2156 545 2220 domum
555 2157 640 2237 regis
652 2155 820 2238 perhibent
831 2157 1000 2236 aulamque
1013 2156 1128 2237 luisse,

257 2287 260 2294 ·
305 2265 402 2343 Cuius
416 2281 534 2328 nomen
548 2268 643 2346 AtuS,
658 2264 711 2343 qui
727 2263 816 2344 regni
829 2266 872 2344 (l)
885 2268 1010 2344 sceptra
1024 2266 1155 2327 tenebat

305 2369 366 2434 illis
378 2371 591 2452 temporibus,
606 2389 666 2434 nec
679 2389 803 2435 summa
814 2371 909 2434 laude
924 2369 1063 2434 carebat.

305 2482 374 2560 lpse
389 2479 440 2542 die
453 2480 611 2560 quadam,
624 2479 718 2542 silvas
730 2477 931 2558 latebrasque
945 2480 1086 2540 ferarum

304 2601 378 2646 cum
390 2583 485 2648 sociis
499 2584 639 2666 intrans,
654 2586 812 2650 lustrabat
823 2602 969 2665 quaeque
982 2584 1107 2647 viarum

305 2692 448 2755 venandi
462 2692 591 2774 studio,
606 2692 709 2756 donoc
722 2692 846 2755 solima
859 2690 967 2756 revisit

306 2800 440 2878 atraque
453 2817 520 2862 nox
531 2801 657 2862 coelum
670 2798 767 2861 subiit
780 2799 950 2879 stellasque
963 2798 1095 2860 remisit.

309 2907 398 2968 Tunc
410 2905 530 2968 abeunt
542 2904 643 2987 silvis,
657 2907 754 2986 longe
769 2908 875 2968 tamen
887 2906 966 2967 urbe
979 2910 1021 2984 (5)
1031 2905 1146 2968 remoti
1158 2930 1169 2985 3

309 3011 406 3074 unius
420 3011 594 3093 hospitium
606 3014 746 3075 subeunt
756 3009 895 3074 hominis
907 3009 965 3073 sibi
980 3011 1063 3091 noli,

309 3122 348 3181 Et
359 3117 457 3198 largis
470 3117 573 3199 epulis
585 3117 764 3198 Bacchique
777 3117 901 3198 liquore
912 3115 1023 3196 replet'

310 3227 478 3305 surgunta
491 3242 622 3306 mensa,
635 3223 710 3288 lacti
724 3242 782 3305 pro
797 3226 938 3303 tempore
951 3222 1036 3285 laeti.

307 3338 393 3406 Rex,
407 3336 444 3395 ut
457 3334 555 3396 homo
568 3331 705 3413 sapiens,
720 3330 818 3394 stellis
830 3332 964 3394 ventura
976 3329 1104 3394 videbat
1115 3360 1125 3410 5

310 3439 506 3520 prospiciens
519 3439 617 3518 igitur
630 3438 676 3501 sic
690 3438 757 3503 visa
774 3436 840 3500 suis
854 3438 1032 3499 referebat:

312 3569 327 3604 «
350 3549 414 3610 Hac
428 3546 460 3608 in
473 3548 568 3608 nocte
577 3545 661 3608 thori
672 3545 699 3608 si
712 3562 787 3608 curn
801 3546 951 3608 consorte
961 3543 1130 3620 cubarern‚

259 3825 289 3879 (ll
301 3825 336 3879 A3
349 3825 363 3866 il
375 3835 389 3880 y
403 3825 557 3869 adansnotre
568 3837 629 3870 nis:
837 3825 866 3882 (e)
880 3821 1125 3880 llyaelleeliveruent
1138 3821 1198 3877 pres
1209 3823 1244 3868 cle
1258 3827 1328 3881 Ιη-

254 3905 286 3937 Sic
296 3906 378 3938 referunt
386 3906 481 3946 hominos:
492 3910 513 3940 ut
523 3907 593 3948 acribo,
603 3907 630 3940 sle
640 3910 736 3947 teneaturg
811 3897 842 3930 un
855 3887 958 3930 misma
969 3884 1058 3928 mmm
1068 3883 1122 3938 zei»
1137 3885 1261 3930 ”umbi-‘³
1277 3888 1318 3943 z!-
1330 3906 1338 3917 ¹¹

232 3971 317 4026 dausll
332 3975 359 4018 ul
369 3974 473 4020 scribom
484 3979 506 4019 ot
515 3975 571 4020 dans
585 3975 602 4020 G
613 3975 649 4018 ric
659 3973 771 4018 scribam.
810 3949 844 3992 ,θ’
855 3948 987 3992 ‘'mmm‘'
997 3945 1064 3990 ¹³⁸i¹¹⁸
1071 3945 1188 4001 meum
1199 3945 1263 3992 αα·

259 4058 289 4113 (2)
303 4060 331 4114 (13
345 4061 400 4106 daus
409 4065 473 4106 notro
482 4073 538 4117 ms,
548 4063 631 4108 dauon
642 4066 666 4112 et
676 4061 732 4105 dans
743 4061 768 4108 B.
834 4035 862 4090 (⁴)
875 4033 908 4088 '⁴’
921 4034 939 4076 B
954 4037 976 4077 et
990 4031 1021 4087 οἳ
1036 4031 1120 4086 'mni
1133 4028 1197 4074 ‘¹³⁰⁸
1211 4039 1289 4078 ”⁰²¹⁹
1304 4045 1332 4077 ¹¹¹⁵

232 4115 303 4164 lione.
833 4121 864 4177 lb)
880 4120 913 4173 Α,
925 4119 943 4162 Β
954 4125 977 4165 ol
987 4119 1017 4173 G3
1030 4119 1084 4162 outo
1093 4117 1151 4161 dans
1164 4124 1240 4164 notre
1253 4134 1300 4165 ms.
