2662 4968
467 450 630 503 2115—

265 577 352 636 totus
365 572 508 636 mondus
518 572 606 636 cordi
620 573 728 635 sordet
822 604 825 612 ·

266 683 368 744 eteor
382 679 715 742 totumsoremordot.

265 835 343 895 Cum
356 833 485 902 revolvo
500 835 607 894 mente
620 849 700 913 pura

265 953 363 1016 quam
376 936 418 998 sit
430 953 510 1000 vana
526 935 637 999 mundi
651 947 745 1015 eura,

267 1045 304 1104 ut
315 1059 407 1104 mens
419 1041 520 1120 possit
531 1059 565 1103 se
577 1061 690 1105 curare
700 1092 708 1123 ,

267 1165 377 1210 euram
390 1148 502 1209 mundi
516 1149 585 1212 vult
596 1149 707 1210 vitare.

268 1305 346 1365 Cum
359 1302 488 1366 revolvo
499 1319 579 1382 pura
590 1306 698 1366 mente

268 1407 355 1470 eadit
366 1408 507 1470 mundus
520 1425 617 1488 quam
630 1411 776 1488 repente,

268 1531 309 1574 ne
323 1530 415 1575 mens
428 1513 523 1578 eadat
537 1529 610 1576 eum
625 1511 779 1592 cadente,

268 1617 425 1679 mundum
439 1613 522 1694 fugit
534 1631 625 1676 mens
639 1617 770 1675 attente.

272 1771 350 1830 Cum
363 1769 492 1831 revolvo
505 1772 612 1833 mente
626 1785 704 1832 sana

268 1890 365 1953 quam
378 1871 420 1934 sit
432 1873 530 1934 stulta
544 1890 615 1954 spes
628 1874 810 1958 mundana,

269 1996 288 2039 a
302 1994 357 2056 spe
370 1980 510 2066 mentem
523 1978 564 2041 ad
578 1995 666 2058 spem
680 1982 770 2042 verto

269 2087 301 2146 et
314 2100 403 2162 spem
415 2083 526 2149 mundi
540 2100 596 2164 spe
609 2086 770 2148 subverto.

268 2233 346 2293 Cum
360 2231 489 2292 revolvo
503 2230 615 2292 mundi
627 2247 704 2294 01111

269 2352 366 2413 quam
380 2333 421 2395 sil
434 2350 547 2414 prava,
563 2350 660 2412 quam
673 2333 715 2395 sit
728 2333 827 2412 dura,

269 2440 385 2502 mentis
398 2456 471 2500 reor
485 2455 554 2500 esse
568 2438 668 2502 durae
683 2439 727 2514 (l)

269 2545 323 2625 qui
338 2545 398 2606 sub
412 2543 524 2606 mundi
539 2542 616 2606 vivit
626 2546 709 2624 jure.

270 2699 348 2758 Cum
362 2696 490 2758 revolvo
504 2694 616 2758 mundi
628 2695 756 2758 laudem

270 2803 303 2862 et
315 2800 499 2862 mundanae
511 2799 615 2864 laudis
629 2801 790 2883 fraudem,

269 2906 340 2966 laus
353 2907 386 2966 et
396 2906 484 2967 fraus
498 2905 530 2967 in
545 2906 651 2969 cordis
665 2924 721 2968 ore

271 3009 356 3074 idem
370 3013 487 3072 sonant
500 3028 566 3075 uno
578 3029 678 3074 more.

270 3167 350 3227 (lum
361 3164 490 3226 revolvo
503 3162 615 3224 mundi
630 3165 754 3226 fructus

272 3271 305 3330 et
317 3265 461 3346 ejusdem
474 3283 574 3345 penso
587 3267 711 3346 luotus3

272 3371 318 3434 sie
331 3376 380 3434 est
392 3369 470 3433 mihi
484 3373 607 3433 fruetus
621 3369 691 3448 eJ'us

274 3480 310 3538 ut
323 3476 365 3540 sil
378 3478 485 3538 luctus
500 3477 590 3554 peJ'or
599 3475 717 3536 nullus.

273 3629 351 3688 Cum
364 3625 494 3687 revolvo
507 3621 619 3683 mundi
634 3623 744 3684 11011111

273 3733 306 3791 et
316 3747 414 3810 quam
427 3730 524 3790 hebet
538 3727 597 3789 llos
609 3727 767 3808 dolorem,

274 3837 383 3896 tantus
396 3833 487 3896 dolor
502 3835 550 3893 est
566 3831 598 3892 in
614 3832 706 3914 llore,

275 3949 386 4008 utnon
398 3944 439 4008 sit
453 3946 512 4007 llos
523 3945 557 4007 in
570 3945 689 4007 dolore.

11 4163 37 4215 Ι)
58 4149 242 4203 sous-entendu
257 4160 319 4190 11111.
