2672 4968
658 463 823 520 -272-

470 584 565 648 ovina
578 586 659 665 petie
672 590 776 651 tectus
788 593 854 670 est,

343 752 346 758 .
470 691 524 772 qui
539 693 630 756 ferox
643 694 737 774 lupus
750 695 837 760 intus
850 701 908 760 cst.

471 837 587 913 Captus
600 835 718 898 fatetur
729 855 896 921 peccasse,

470 942 596 1003 tantum
609 943 713 1005 scetus
726 947 921 1025 perpettasse
934 949 969 1024 (l.
982 956 1208 1035 perpetrasse),

470 1050 605 1111 mortem
619 1049 744 1113 comitis
757 1054 927 1135 tractasse,

470 1172 544 1218 cum
559 1155 668 1219 debuit
681 1159 865 1222 honorasse.

469 1290 530 1351 Ore
541 1306 601 1353 suo
615 1290 831 1373 convincitur,

468 1395 510 1457 ad
523 1398 715 1460 tormentum
729 1398 914 1480 deducitur,

468 1500 514 1564 sic
528 1501 561 1564 in
573 1503 674 1565 altum
685 1505 907 1588 suspenditur,

466 1609 555 1689 quod
568 1610 686 1673 meruit
699 1612 889 1693 assequitur.

467 1745 567 1806 intrat
580 1762 657 1825 ergo
671 1749 740 1811 Rex
750 1747 945 1828 Flandriam,

470 1851 802 1933 cohortemquacrens
813 1853 953 1936 impiam,
988 1887 991 1892 ·

467 1955 508 2018 dc
521 1955 571 2018 his
581 1975 638 2036 per
650 1957 704 2020 Dei
719 1959 855 2037 gratiam
1081 1953 1083 1958 ⁷

465 2063 651 2142 expleturus
663 2064 830 2144 justitiam.
852 2134 856 2142 ,

465 2195 558 2258 Venit
569 2199 711 2276 potestas
725 2199 830 2281 regia,

464 2301 619 2364 machinis
630 2304 727 2366 vallat
740 2305 884 2386 moenia,

464 2407 652 2488 aggreditur
663 2409 780 2490 palatia

463 2515 578 2595 quihus
589 2517 667 2579 latet
680 2534 759 2597 gens
772 2515 878 2598 impia.

462 2649 615 2730 Utrinque
628 2651 747 2713 bellum
761 2651 898 2734 geritur,

462 2754 563 2819 hostis
575 2757 700 2819 hostem
714 2759 919 2843 aggreditur,

461 2862 542 2923 alter
554 2860 703 2925 mucione
715 2863 749 2938 (l.
764 2868 929 2944 mucrone)
950 2868 1110 2953 caeditur,

459 2968 541 3030 alter
546 2970 655 3049 jaculo
664 2968 783 3050 figitur.

458 3099 528 3163 istis
541 3101 597 3164 dat
609 3102 692 3167 vires
705 3102 839 3185 caritas,

457 3206 518 3270 iliis
532 3208 647 3272 crescit
661 3208 823 3291 debilitas,

456 3314 506 3377 his
519 3315 660 3379 animum
675 3315 731 3379 dat
741 3319 902 3400 aequitas,

455 3421 516 3503 illis
531 3423 614 3485 tollit
626 3423 786 3505 iniquitas

344 3588 345 3591 =
453 3555 531 3635 Qui,
545 3554 659 3634 privati
671 3556 821 3639 consilio,

455 3660 626 3740 desperant
637 3662 677 3725 dc
690 3663 827 3746 auxilio,

382 3783 384 3790 ·
454 3770 545 3829 tanto
557 3785 616 3846 pro
630 3769 803 3832 homicidio

453 3872 521 3935 dari
537 3873 649 3936 timent
662 3874 771 3937 exitio.

452 4009 552 4087 Caput
564 4008 660 4087 hujus
672 4009 849 4091 nequitiae,
902 4060 904 4064 ,

405 4146 409 4156 ·
453 4114 570 4176 nullius
585 4113 718 4192 dignum
730 4116 857 4198 veniae,
