2698 4970
521 449 679 502 '—67-

55 576 191 643 Quorum
214 573 290 632 tunc
310 571 380 632 erat
401 586 458 631 rex
479 570 571 633 valde
589 569 749 632 timendus
764 605 804 614 -
820 570 1028 652 TeudericuS‚
1046 571 1164 634 {tiodo-

92 673 158 736 vaei
171 677 215 749 (1)
230 673 324 736 tilius.

55 779 148 857 Cujus
161 778 274 842 oculus
287 776 384 840 subiti
404 776 524 840 doloris
536 775 642 840 nimiis
654 776 846 841 cruciatibus
860 777 905 840 ita
918 781 967 840 est
981 781 1164 860 coneptu,

92 917 133 927 -
144 884 181 943 ut
191 881 287 942 nullis
301 880 415 945 diversi
430 881 554 961 generis
567 881 807 944 medicamentis
819 882 860 944 ad
876 882 1045 945 sanitatem
1057 883 1166 961 pristi-

93 1003 168 1048 nam
182 986 266 1048 ullus
277 1019 318 1031 -
333 1001 408 1048 cum
421 987 529 1066 posset
540 985 714 1066 perducere
725 986 878 1050 medicus.

56 1092 151 1154 Unius
163 1089 248 1154 oculi
261 1091 473 1172 lacrymabilis
482 1090 649 1170 aegritudo
657 1128 698 1136 -
706 1093 872 1154 oculorum
882 1092 1057 1154 multorum
1069 1094 1168 1172 lacry-

91 1214 160 1260 mas
170 1197 322 1262 excitavit
332 1197 366 1260 in
380 1199 516 1279 popu103
530 1233 569 1242 -
587 1197 671 1278 regis
688 1197 829 1260 animum
842 1197 948 1261 exitus
960 1198 1073 1262 incerti
1086 1217 1168 1262 con-

94 1307 234 1368 turbant.

56 1409 134 1473 Hinc
147 1409 252 1490 tangit
262 1409 399 1472 formido
412 1409 541 1491 mortis3
554 1445 595 1456 -
608 1408 694 1471 illinc
704 1408 893 1488 magnitudo
905 1409 1034 1472 doloris.

56 1515 134 1578 Hinc
143 1518 248 1577 metus
261 1508 426 1578 amittendi
438 1515 584 1596 luminis3
598 1551 639 1562 -
651 1513 738 1577 illinc
748 1515 943 1578 imminentis
952 1515 1048 1578 timor
1061 1516 1170 1578 detor-

94 1619 224 1680 mitatis.
1021 1701 1027 1712 ¹

56 1730 151 1806 Nam,
177 1725 202 1787 si
226 1743 283 1788 rex
306 1725 431 1788 adiuret
451 1727 575 1803 luscus
597 1759 638 1768 -—
659 1722 834 1786 maximum
856 1723 890 1785 in
913 1724 1037 1804 populis
1061 1725 1172 1787 fuisset

95 1829 244 1892 dedecus.

54 1935 227 2016 Anterum,
242 1935 376 2014 turpiter
386 1936 563 2016 regnando⁷
575 1935 784 1998 deformitatis
795 1937 937 2015 portaret
950 1935 1171 2019 opprobrium,

95 2075 135 2084 -
150 2042 207 2100 aut
216 2040 394 2118 perditione
405 2041 489 2103 oculi
501 2039 692 2120 perdidisset
705 2057 851 2119 regnum.

55 2146 161 2205 Unum
171 2159 249 2220 ergo
263 2145 403 2205 restabat
415 2143 483 2222 regi
498 2143 682 2225 consilium,
696 2149 737 2190 ’-
750 2149 803 2225 ut,
818 2144 873 2206 ubi
889 2149 1044 2207 cessasset
1057 2146 1174 2206 huma-

94 2263 174 2307 num
187 2245 379 2326 remedium,
395 2281 435 2294 -
453 2247 505 2308 hic
518 2247 630 2309 adesse
650 2263 781 2310 necesse
792 2251 862 2309 erat
882 2248 1024 2312 divinum
1044 2248 1175 2328 adiuto-

94 2368 190 2412 rrum.

55 2453 197 2516 Audiens
209 2452 308 2531 igitur
318 2469 376 2514 rex
389 2453 507 2514 famam
517 2451 705 2516 venerabilis
719 2451 840 2513 abbatis
852 2451 1033 2530 Teuderici,
1048 2485 1088 2537 7-
1098 2454 1171 2529 jus-

94 2558 138 2621 sit
151 2575 227 2620 eum
240 2557 282 2618 ad
295 2573 329 2619 se
343 2557 466 2639 vocari,
481 2593 522 2602 --
534 2563 585 2639 et,¹
608 2575 681 2621 cum
695 2558 847 2639 venisset,
874 2557 1014 2620 ostendit
1038 2558 1067 2620 ei
1084 2575 1174 2622 mor-

94 2664 175 2724 bum
186 2661 372 2724 miserabilis
390 2662 484 2725 oculi.

53 2771 210 2834 Monstrat
219 2785 356 2850 poenam
368 2785 465 2848 quam
477 2766 609 2846 patitur,
624 2803 665 2812 -
678 2767 840 2846 praevenit
855 2767 995 2846 pericula
1015 2785 1098 2847 quae
1119 2785 1176 2832 ve-

94 2877 202 2954 retur3
216 2909 258 2918 —
270 2873 403 2952 supplex
415 2871 573 2953 deposcit,
588 2871 743 2936 subnixus
758 2871 895 2951 rogitat,
915 2869 1048 2932 firmiter
1068 2874 1175 2951 sperat

94 2981 269 3044 sanitatem
281 2995 378 3060 quam
390 2997 409 3040 a
421 2977 556 3040 Domino
566 2994 623 3057 per
636 2995 731 3040 suum
744 2993 872 3041 servum
884 2977 1084 3057 deprecatur.

54 3090 145 3148 Tunc
159 3083 208 3148 vir
221 3081 294 3163 Dei,
307 3081 410 3144 sciens
421 3081 571 3145 virtutem
589 3098 656 3143 non
674 3097 743 3142 esse
766 3081 925 3142 humanae
939 3079 1119 3159 fragilitatis
1138 3115 1177 3126 --

94 3188 155 3250 sed
168 3185 295 3250 divinae
308 3185 500 3265 operationis
510 3201 688 3266 ‚-corpus
701 3185 769 3245 solo
783 3183 1107 3264 sternit‚-animum
1119 3200 1177 3246 su-

93 3313 153 3375 per
168 3293 272 3356 sidera
286 3292 396 3371 erigit,
410 3327 451 3336 --
464 3293 568 3354 totum
581 3307 616 3352 se
628 3288 764 3351 orationi
783 3289 961 3351 committit.

53 3403 178 3466 Deinde
191 3401 322 3480 peracto
344 3400 442 3462 terme
466 3397 562 3459 unius
582 3398 680 3458 horae
702 3394 820 3475 spatio,
844 3397 951 3457 certus
971 3394 1058 3474 quod
1082 3397 1176 3458 oculo

94 3508 183 3588 regis
196 3508 307 3569 lrunen
323 3503 492 3584 impetrare
511 3501 627 3564 meruit
645 3537 685 3546 -
708 3500 884 3564 orationem
904 3497 1016 3561 finivit.

38 3619 263 3696 eandemque
276 3628 430 3693 surgens⁷
444 3612 551 3672 erecto
569 3607 612 3671 ad
624 3606 728 3668 sidera
742 3608 853 3686 vultu,
873 3609 1001 3668 sanctae
1017 3604 1177 3670 Trinitatis

92 3740 218 3786 nomen
232 3720 360 3782 invocat
372 3717 406 3791 (1.
417 3712 621 3794 invocanti),
635 3747 676 3760 --
688 3711 749 3774 olei
758 3709 858 3774 sancti
869 3713 1034 3790 paululum
1042 3715 1177 3776 summi-

92 3827 156 3890 tati
165 3823 289 3906 poilicis
302 3818 442 3884 infundit
454 3819 488 3894 (i.
504 3815 663 3891 infuditi).

77 4028 111 4084 (a)
125 4025 299 4078 chlodovaeum
323 4028 381 4068 cette
401 4022 470 4066 torma
491 4019 601 4076 d’aspira-
637 4016 747 4073 templace'
761 4017 816 4060 dans
827 4015 943 4074 beaucoup
958 4019 986 4064 de
999 4025 1056 4064 mots
1074 4021 1094 4065 ie
1112 4022 1178 4067 sdes

48 4092 97 4133 tion
112 4095 149 4133 est
172 4085 342 4142 remarquabte‚
362 4085 416 4128 c’est
437 4095 480 4126 unc
498 4087 557 4125 sorte
575 4080 601 4124 dc
638 4079 713 4123 Latius
723 4089 764 4134 par
777 4090 806 4121 un
820 4089 847 4120 n:
863 4077 927 4133 Hijc,
939 4079 1025 4136 licerer,
1040 4081 1103 4125 Hilo.

47 4153 170 4206 digamma
182 4148 285 4202 entique:
302 4159 330 4190 on
342 4147 384 4191 sait
397 4157 441 4200 que
455 4143 574 4198 r’espagnor
588 4155 601 4186 a
