<?xml version="1.0" encoding="UTF-8"?>
<!DOCTYPE html PUBLIC "-//W3C//DTD XHTML 1.0 Transitional//EN"
    "http://www.w3.org/TR/xhtml1/DTD/xhtml1-transitional.dtd">
<html xmlns="http://www.w3.org/1999/xhtml" xml:lang="en" lang="en">
 <head>
  <title>
</title>
<meta http-equiv="Content-Type" content="text/html;charset=utf-8" />
  <meta name='ocr-system' content='tesseract 3.04.00' />
  <meta name='ocr-capabilities' content='ocr_page ocr_carea ocr_par ocr_line ocrx_word'/>
</head>
<body>
  <div class='ocr_page' id='page_1' title='image "./posiespopulaire03mrgoog/posiespopulaire03mrgoog_0341.png"; bbox 0 0 2684 4970; ppageno 0'>
   <div class='ocr_carea' id='block_1_1' title="bbox 486 459 650 519">
    <p class='ocr_par' dir='ltr' id='par_1_1' title="bbox 486 459 650 519">
     <span class='ocr_line' id='line_1_1' title="bbox 486 459 650 519; baseline -0.006 0"><span class='ocrx_word' id='word_1_1' title='bbox 486 459 596 519; x_wconf 65' lang='lat'>——345</span> <span class='ocrx_word' id='word_1_2' title='bbox 612 491 650 500; x_wconf 81' lang='lat'>-</span> 
     </span>
    </p>
   </div>
   <div class='ocr_carea' id='block_1_2' title="bbox 86 587 1062 3863">
    <p class='ocr_par' dir='ltr' id='par_1_2' title="bbox 88 587 939 777">
     <span class='ocr_line' id='line_1_2' title="bbox 89 587 939 670; baseline -0.007 -19"><span class='ocrx_word' id='word_1_3' title='bbox 89 589 246 670; x_wconf 83' lang='lat' dir='ltr'>egregiam</span> <span class='ocrx_word' id='word_1_4' title='bbox 258 590 379 669; x_wconf 90' lang='lat' dir='ltr'>prolem</span> <span class='ocrx_word' id='word_1_5' title='bbox 394 605 610 670; x_wconf 82' lang='lat' dir='ltr'>magnumque</span> <span class='ocrx_word' id='word_1_6' title='bbox 619 587 722 649; x_wconf 90' lang='lat' dir='ltr'>virum</span> <span class='ocrx_word' id='word_1_7' title='bbox 737 600 939 664; x_wconf 72' lang='lat' dir='ltr'>generarem,</span> 
     </span>
     <span class='ocr_line' id='line_1_3' title="bbox 88 691 869 777; baseline -0.01 -17"><span class='ocrx_word' id='word_1_8' title='bbox 88 699 181 777; x_wconf 84' lang='lat' dir='ltr'>Cujus</span> <span class='ocrx_word' id='word_1_9' title='bbox 192 697 388 777; x_wconf 85' lang='lat' dir='ltr'>temporibus</span> <span class='ocrx_word' id='word_1_10' title='bbox 400 697 540 759; x_wconf 89' lang='lat' dir='ltr'>mundus</span> <span class='ocrx_word' id='word_1_11' title='bbox 555 699 620 758; x_wconf 87' lang='lat' dir='ltr'>tam</span> <span class='ocrx_word' id='word_1_12' title='bbox 638 693 718 756; x_wconf 89' lang='lat' dir='ltr'>mira</span> <span class='ocrx_word' id='word_1_13' title='bbox 732 691 869 770; x_wconf 86' lang='lat' dir='ltr'>videret,</span> 
     </span>
    </p>

    <p class='ocr_par' dir='ltr' id='par_1_3' title="bbox 87 802 924 990">
     <span class='ocr_line' id='line_1_4' title="bbox 87 802 917 884; baseline -0.012 -18"><span class='ocrx_word' id='word_1_14' title='bbox 87 808 123 866; x_wconf 92' lang='lat' dir='ltr'>ut</span> <span class='ocrx_word' id='word_1_15' title='bbox 132 803 248 884; x_wconf 85' lang='lat' dir='ltr'>pariter</span> <span class='ocrx_word' id='word_1_16' title='bbox 259 821 347 866; x_wconf 89' lang='lat' dir='ltr'>mare</span> <span class='ocrx_word' id='word_1_17' title='bbox 360 821 434 867; x_wconf 91' lang='lat' dir='ltr'>cum</span> <span class='ocrx_word' id='word_1_18' title='bbox 447 808 532 866; x_wconf 89' lang='lat' dir='ltr'>terra</span> <span class='ocrx_word' id='word_1_19' title='bbox 546 803 733 882; x_wconf 88' lang='lat' dir='ltr'>coelumque</span> <span class='ocrx_word' id='word_1_20' title='bbox 744 802 883 879; x_wconf 87' lang='lat' dir='ltr'>paveret.</span> <span class='ocrx_word' id='word_1_21' title='bbox 902 821 917 856; x_wconf 72' lang='lat' dir='ltr'>a</span> 
     </span>
     <span class='ocr_line' id='line_1_5' title="bbox 87 908 924 990; baseline -0.008 -16"><span class='ocrx_word' id='word_1_22' title='bbox 87 915 168 974; x_wconf 86' lang='lat' dir='ltr'>llaec</span> <span class='ocrx_word' id='word_1_23' title='bbox 179 912 220 974; x_wconf 90' lang='lat' dir='ltr'>ad</span> <span class='ocrx_word' id='word_1_24' title='bbox 229 913 326 976; x_wconf 87' lang='lat' dir='ltr'>verba</span> <span class='ocrx_word' id='word_1_25' title='bbox 338 911 386 974; x_wconf 86' lang='lat' dir='ltr'>sui</span> <span class='ocrx_word' id='word_1_26' title='bbox 399 911 531 974; x_wconf 84' lang='lat' dir='ltr'>comites</span> <span class='ocrx_word' id='word_1_27' title='bbox 544 927 696 990; x_wconf 87' lang='lat' dir='ltr'>respousa</span> <span class='ocrx_word' id='word_1_28' title='bbox 711 908 844 970; x_wconf 84' lang='lat' dir='ltr'>dedere:</span> <span class='ocrx_word' id='word_1_29' title='bbox 921 967 924 976; x_wconf 20' lang='grc' dir='ltr'><strong>Α</strong></span> 
     </span>
    </p>

    <p class='ocr_par' dir='ltr' id='par_1_4' title="bbox 86 1015 922 1202">
     <span class='ocr_line' id='line_1_6' title="bbox 89 1015 922 1101; baseline -0.002 -24"><span class='ocrx_word' id='word_1_30' title='bbox 89 1041 105 1077; x_wconf 77' lang='lat' dir='ltr'>a</span> <span class='ocrx_word' id='word_1_31' title='bbox 126 1021 180 1082; x_wconf 84' lang='lat' dir='ltr'>Est</span> <span class='ocrx_word' id='word_1_32' title='bbox 190 1018 301 1099; x_wconf 85' lang='lat' dir='ltr'>regina</span> <span class='ocrx_word' id='word_1_33' title='bbox 312 1020 440 1101; x_wconf 89' lang='lat' dir='ltr'>procul,</span> <span class='ocrx_word' id='word_1_34' title='bbox 457 1035 516 1082; x_wconf 87' lang='lat' dir='ltr'>nec</span> <span class='ocrx_word' id='word_1_35' title='bbox 526 1035 596 1080; x_wconf 87' lang='lat' dir='ltr'>eam</span> <span class='ocrx_word' id='word_1_36' title='bbox 607 1033 772 1097; x_wconf 89' lang='lat' dir='ltr'>possemus</span> <span class='ocrx_word' id='word_1_37' title='bbox 785 1015 922 1096; x_wconf 74' lang='lat' dir='ltr'>habere3</span> 
     </span>
     <span class='ocr_line' id='line_1_7' title="bbox 86 1121 782 1202; baseline -0.006 -16"><span class='ocrx_word' id='word_1_38' title='bbox 86 1127 154 1186; x_wconf 87' lang='lat' dir='ltr'>Non</span> <span class='ocrx_word' id='word_1_39' title='bbox 167 1123 239 1187; x_wconf 90' lang='lat' dir='ltr'>ideo</span> <span class='ocrx_word' id='word_1_40' title='bbox 253 1127 360 1186; x_wconf 88' lang='lat' dir='ltr'>tamen</span> <span class='ocrx_word' id='word_1_41' title='bbox 373 1127 491 1188; x_wconf 85' lang='lat' dir='ltr'>ellectu</span> <span class='ocrx_word' id='word_1_42' title='bbox 506 1124 627 1188; x_wconf 82' lang='lat' dir='ltr'>resista</span> <span class='ocrx_word' id='word_1_43' title='bbox 643 1121 782 1202; x_wconf 77' lang='lat' dir='ltr'>carebit,</span> 
     </span>
    </p>

    <p class='ocr_par' dir='ltr' id='par_1_5' title="bbox 87 1229 902 1523">
     <span class='ocr_line' id='line_1_8' title="bbox 87 1229 902 1309; baseline 0 -19"><span class='ocrx_word' id='word_1_44' title='bbox 87 1245 145 1291; x_wconf 90' lang='lat' dir='ltr'>neo</span> <span class='ocrx_word' id='word_1_45' title='bbox 158 1234 223 1290; x_wconf 91' lang='lat' dir='ltr'>tam</span> <span class='ocrx_word' id='word_1_46' title='bbox 238 1230 492 1309; x_wconf 86' lang='lat' dir='ltr'>grandebonum</span> <span class='ocrx_word' id='word_1_47' title='bbox 506 1247 572 1292; x_wconf 91' lang='lat' dir='ltr'>non</span> <span class='ocrx_word' id='word_1_48' title='bbox 586 1230 751 1294; x_wconf 86' lang='lat' dir='ltr'>obmisisse</span> <span class='ocrx_word' id='word_1_49' title='bbox 768 1229 902 1292; x_wconf 82' lang='lat' dir='ltr'>decebit.</span> 
     </span>
     <span class='ocr_line' id='line_1_9' title="bbox 87 1333 896 1418; baseline 0.004 -23"><span class='ocrx_word' id='word_1_50' title='bbox 87 1333 213 1396; x_wconf 85' lang='lat' dir='ltr'>villicus</span> <span class='ocrx_word' id='word_1_51' title='bbox 226 1333 288 1398; x_wconf 88' lang='lat' dir='ltr'>iste</span> <span class='ocrx_word' id='word_1_52' title='bbox 297 1339 391 1418; x_wconf 92' lang='lat' dir='ltr'>tuus,</span> <span class='ocrx_word' id='word_1_53' title='bbox 405 1338 460 1418; x_wconf 85' lang='lat' dir='ltr'>qui</span> <span class='ocrx_word' id='word_1_54' title='bbox 470 1337 632 1401; x_wconf 92' lang='lat' dir='ltr'>virbonus</span> <span class='ocrx_word' id='word_1_55' title='bbox 646 1353 715 1399; x_wconf 90' lang='lat' dir='ltr'>esse</span> <span class='ocrx_word' id='word_1_56' title='bbox 726 1337 896 1416; x_wconf 83' lang='lat' dir='ltr'>probatur,</span> 
     </span>
     <span class='ocr_line' id='line_1_10' title="bbox 90 1442 866 1523; baseline 0.001 -22"><span class='ocrx_word' id='word_1_57' title='bbox 90 1443 260 1504; x_wconf 83' lang='lat' dir='ltr'>formosam</span> <span class='ocrx_word' id='word_1_58' title='bbox 275 1442 385 1521; x_wconf 88' lang='lat' dir='ltr'>genuit</span> <span class='ocrx_word' id='word_1_59' title='bbox 399 1445 524 1523; x_wconf 90' lang='lat' dir='ltr'>natam,</span> <span class='ocrx_word' id='word_1_60' title='bbox 539 1460 621 1522; x_wconf 89' lang='lat' dir='ltr'>quae</span> <span class='ocrx_word' id='word_1_61' title='bbox 635 1443 698 1505; x_wconf 88' lang='lat' dir='ltr'>Pila</span> <span class='ocrx_word' id='word_1_62' title='bbox 712 1445 866 1521; x_wconf 79' lang='lat' dir='ltr'>vocatur3</span> 
     </span>
    </p>

    <p class='ocr_par' dir='ltr' id='par_1_6' title="bbox 86 1545 830 1627">
     <span class='ocr_line' id='line_1_11' title="bbox 86 1545 830 1627; baseline -0.001 -18"><span class='ocrx_word' id='word_1_63' title='bbox 86 1545 164 1609; x_wconf 88' lang='lat' dir='ltr'>lluic</span> <span class='ocrx_word' id='word_1_64' title='bbox 174 1563 232 1626; x_wconf 92' lang='lat' dir='ltr'>per</span> <span class='ocrx_word' id='word_1_65' title='bbox 245 1547 450 1610; x_wconf 85' lang='lat' dir='ltr'>concubitum</span> <span class='ocrx_word' id='word_1_66' title='bbox 463 1547 534 1610; x_wconf 89' lang='lat' dir='ltr'>vice</span> <span class='ocrx_word' id='word_1_67' title='bbox 548 1547 678 1627; x_wconf 86' lang='lat' dir='ltr'>reginae</span> <span class='ocrx_word' id='word_1_68' title='bbox 689 1547 830 1627; x_wconf 84' lang='lat' dir='ltr'>sociare,</span> 
     </span>
    </p>

    <p class='ocr_par' dir='ltr' id='par_1_7' title="bbox 93 1654 775 1736">
     <span class='ocr_line' id='line_1_12' title="bbox 93 1654 775 1736; baseline -0.01 -19"><span class='ocrx_word' id='word_1_69' title='bbox 93 1657 128 1717; x_wconf 92' lang='lat' dir='ltr'>ut</span> <span class='ocrx_word' id='word_1_70' title='bbox 141 1657 206 1716; x_wconf 88' lang='lat' dir='ltr'>tam</span> <span class='ocrx_word' id='word_1_71' title='bbox 217 1654 369 1718; x_wconf 85' lang='lat' dir='ltr'>mirificae</span> <span class='ocrx_word' id='word_1_72' title='bbox 382 1655 479 1736; x_wconf 92' lang='lat' dir='ltr'>prolis</span> <span class='ocrx_word' id='word_1_73' title='bbox 491 1659 581 1734; x_wconf 86' lang='lat' dir='ltr'>pater</span> <span class='ocrx_word' id='word_1_74' title='bbox 595 1655 743 1718; x_wconf 86' lang='lat' dir='ltr'>efficiare.</span> <span class='ocrx_word' id='word_1_75' title='bbox 759 1675 775 1711; x_wconf 77' lang='lat' dir='ltr'>r»</span> 
     </span>
    </p>

    <p class='ocr_par' dir='ltr' id='par_1_8' title="bbox 88 1761 834 1843">
     <span class='ocr_line' id='line_1_13' title="bbox 88 1761 834 1843; baseline -0.004 -19"><span class='ocrx_word' id='word_1_76' title='bbox 88 1761 235 1824; x_wconf 85' lang='lat' dir='ltr'>Praebuit</span> <span class='ocrx_word' id='word_1_77' title='bbox 246 1779 411 1824; x_wconf 81' lang='lat' dir='ltr'>assensum</span> <span class='ocrx_word' id='word_1_78' title='bbox 423 1779 498 1843; x_wconf 81' lang='lat' dir='ltr'>rex,</span> <span class='ocrx_word' id='word_1_79' title='bbox 511 1765 544 1824; x_wconf 93' lang='lat' dir='ltr'>et</span> <span class='ocrx_word' id='word_1_80' title='bbox 555 1779 606 1824; x_wconf 90' lang='lat' dir='ltr'>res</span> <span class='ocrx_word' id='word_1_81' title='bbox 620 1762 834 1841; x_wconf 76' lang='lat' dir='ltr'>acceleratur,</span> 
     </span>
    </p>

    <p class='ocr_par' dir='ltr' id='par_1_9' title="bbox 88 1867 887 2161">
     <span class='ocr_line' id='line_1_14' title="bbox 88 1867 819 1947; baseline 0 -19"><span class='ocrx_word' id='word_1_82' title='bbox 88 1870 121 1928; x_wconf 90' lang='lat' dir='ltr'>et</span> <span class='ocrx_word' id='word_1_83' title='bbox 135 1870 308 1947; x_wconf 86' lang='lat' dir='ltr'>conjuncta</span> <span class='ocrx_word' id='word_1_84' title='bbox 321 1869 389 1932; x_wconf 88' lang='lat' dir='ltr'>viro</span> <span class='ocrx_word' id='word_1_85' title='bbox 400 1869 491 1947; x_wconf 85' lang='lat' dir='ltr'>virgo</span> <span class='ocrx_word' id='word_1_86' title='bbox 504 1867 609 1930; x_wconf 92' lang='lat' dir='ltr'>subito</span> <span class='ocrx_word' id='word_1_87' title='bbox 624 1867 819 1947; x_wconf 81' lang='lat' dir='ltr'>gravidatur.</span> 
     </span>
     <span class='ocr_line' id='line_1_15' title="bbox 88 1973 887 2055; baseline 0 -19"><span class='ocrx_word' id='word_1_88' title='bbox 88 1973 246 2036; x_wconf 86' lang='lat' dir='ltr'>Mensibus</span> <span class='ocrx_word' id='word_1_89' title='bbox 259 1992 336 2054; x_wconf 93' lang='lat' dir='ltr'>ergo</span> <span class='ocrx_word' id='word_1_90' title='bbox 350 1993 465 2040; x_wconf 83' lang='lat' dir='ltr'>novem</span> <span class='ocrx_word' id='word_1_91' title='bbox 480 1975 621 2038; x_wconf 86' lang='lat' dir='ltr'>decursis</span> <span class='ocrx_word' id='word_1_92' title='bbox 633 1992 722 2038; x_wconf 90' lang='lat' dir='ltr'>more</span> <span class='ocrx_word' id='word_1_93' title='bbox 736 1974 887 2055; x_wconf 91' lang='lat' dir='ltr'>gerendi,</span> 
     </span>
     <span class='ocr_line' id='line_1_16' title="bbox 94 2076 709 2161; baseline 0.002 -20"><span class='ocrx_word' id='word_1_94' title='bbox 94 2076 194 2141; x_wconf 90' lang='lat' dir='ltr'>edidit</span> <span class='ocrx_word' id='word_1_95' title='bbox 206 2079 360 2142; x_wconf 79' lang='lat' dir='ltr'>infantem</span> <span class='ocrx_word' id='word_1_96' title='bbox 373 2081 466 2143; x_wconf 89' lang='lat' dir='ltr'>solito</span> <span class='ocrx_word' id='word_1_97' title='bbox 478 2081 542 2144; x_wconf 91' lang='lat' dir='ltr'>ritu</span> <span class='ocrx_word' id='word_1_98' title='bbox 556 2081 709 2161; x_wconf 90' lang='lat' dir='ltr'>pariendi.</span> 
     </span>
    </p>

    <p class='ocr_par' dir='ltr' id='par_1_10' title="bbox 88 2183 1062 2798">
     <span class='ocr_line' id='line_1_17' title="bbox 90 2183 913 2267; baseline 0 -19"><span class='ocrx_word' id='word_1_99' title='bbox 90 2183 224 2248; x_wconf 86' lang='lat' dir='ltr'>Mittitur</span> <span class='ocrx_word' id='word_1_100' title='bbox 236 2185 278 2246; x_wconf 91' lang='lat' dir='ltr'>ad</span> <span class='ocrx_word' id='word_1_101' title='bbox 291 2203 416 2266; x_wconf 90' lang='lat' dir='ltr'>regem,</span> <span class='ocrx_word' id='word_1_102' title='bbox 432 2186 486 2266; x_wconf 92' lang='lat' dir='ltr'>qui</span> <span class='ocrx_word' id='word_1_103' title='bbox 500 2186 626 2249; x_wconf 89' lang='lat' dir='ltr'>nuntiet</span> <span class='ocrx_word' id='word_1_104' title='bbox 637 2188 721 2248; x_wconf 90' lang='lat' dir='ltr'>hanc</span> <span class='ocrx_word' id='word_1_105' title='bbox 734 2186 913 2267; x_wconf 69' lang='lat' dir='ltr'>peperisse,</span> 
     </span>
     <span class='ocr_line' id='line_1_18' title="bbox 88 2293 858 2374; baseline 0.003 -22"><span class='ocrx_word' id='word_1_106' title='bbox 88 2308 147 2353; x_wconf 84' lang='lat' dir='ltr'>rex</span> <span class='ocrx_word' id='word_1_107' title='bbox 162 2293 296 2372; x_wconf 89' lang='lat' dir='ltr'>gaudet,</span> <span class='ocrx_word' id='word_1_108' title='bbox 311 2309 394 2372; x_wconf 89' lang='lat' dir='ltr'>quae</span> <span class='ocrx_word' id='word_1_109' title='bbox 407 2293 563 2374; x_wconf 85' lang='lat' dir='ltr'>precepit,</span> <span class='ocrx_word' id='word_1_110' title='bbox 577 2295 735 2372; x_wconf 89' lang='lat' dir='ltr'>completa</span> <span class='ocrx_word' id='word_1_111' title='bbox 748 2294 858 2355; x_wconf 89' lang='lat' dir='ltr'>luisse.</span> 
     </span>
     <span class='ocr_line' id='line_1_19' title="bbox 88 2395 974 2479; baseline -0.001 -22"><span class='ocrx_word' id='word_1_112' title='bbox 88 2395 224 2458; x_wconf 89' lang='lat' dir='ltr'>Nuntius</span> <span class='ocrx_word' id='word_1_113' title='bbox 239 2397 373 2477; x_wconf 78' lang='lat' dir='ltr'>adjecit:</span> <span class='ocrx_word' id='word_1_114' title='bbox 389 2421 404 2456; x_wconf 92' lang='lat'>«</span> <span class='ocrx_word' id='word_1_115' title='bbox 419 2397 495 2472; x_wconf 84' lang='lat' dir='ltr'>Quis</span> <span class='ocrx_word' id='word_1_116' title='bbox 509 2399 555 2460; x_wconf 88' lang='lat' dir='ltr'>vis</span> <span class='ocrx_word' id='word_1_117' title='bbox 569 2416 647 2479; x_wconf 92' lang='lat' dir='ltr'>puer</span> <span class='ocrx_word' id='word_1_118' title='bbox 660 2398 721 2460; x_wconf 90' lang='lat' dir='ltr'>iste</span> <span class='ocrx_word' id='word_1_119' title='bbox 729 2401 863 2462; x_wconf 87' lang='lat' dir='ltr'>vocetur</span> <span class='ocrx_word' id='word_1_120' title='bbox 874 2403 901 2473; x_wconf 90' lang='lat' dir='ltr'>(l</span> <span class='ocrx_word' id='word_1_121' title='bbox 910 2405 943 2474; x_wconf 74' lang='lat' dir='ltr'>l?</span> <span class='ocrx_word' id='word_1_122' title='bbox 959 2421 974 2456; x_wconf 72' lang='lat' dir='ltr'>a</span> 
     </span>
     <span class='ocr_line' id='line_1_20' title="bbox 91 2501 1062 2587; baseline 0.004 -25"><span class='ocrx_word' id='word_1_123' title='bbox 91 2526 107 2562; x_wconf 88' lang='lat'>«</span> <span class='ocrx_word' id='word_1_124' title='bbox 121 2503 320 2569; x_wconf 85' lang='lat' dir='ltr'>Conveniens</span> <span class='ocrx_word' id='word_1_125' title='bbox 333 2521 451 2566; x_wconf 90' lang='lat' dir='ltr'>nomen</span> <span class='ocrx_word' id='word_1_126' title='bbox 464 2507 555 2586; x_wconf 85' lang='lat' dir='ltr'>volo,</span> <span class='ocrx_word' id='word_1_127' title='bbox 573 2527 588 2563; x_wconf 88' lang='lat'>»</span> <span class='ocrx_word' id='word_1_128' title='bbox 603 2523 661 2569; x_wconf 84' lang='lat' dir='ltr'>rex</span> <span class='ocrx_word' id='word_1_129' title='bbox 675 2505 738 2586; x_wconf 90' lang='lat' dir='ltr'>ait,</span> <span class='ocrx_word' id='word_1_130' title='bbox 755 2527 771 2562; x_wconf 75' lang='lat' dir='ltr'>&lt;r</span> <span class='ocrx_word' id='word_1_131' title='bbox 783 2509 820 2566; x_wconf 91' lang='lat' dir='ltr'>ut</span> <span class='ocrx_word' id='word_1_132' title='bbox 840 2504 899 2567; x_wconf 90' lang='lat' dir='ltr'>sibi</span> <span class='ocrx_word' id='word_1_133' title='bbox 913 2505 1007 2568; x_wconf 91' lang='lat' dir='ltr'>detur</span> <span class='ocrx_word' id='word_1_134' title='bbox 1020 2533 1029 2587; x_wconf 85' lang='lat'>3</span> <span class='ocrx_word' id='word_1_135' title='bbox 1061 2501 1062 2509; x_wconf 75' lang='grc'>’</span> 
     </span>
     <span class='ocr_line' id='line_1_21' title="bbox 88 2609 849 2691; baseline 0 -19"><span class='ocrx_word' id='word_1_136' title='bbox 88 2613 166 2673; x_wconf 87' lang='lat' dir='ltr'>Nam</span> <span class='ocrx_word' id='word_1_137' title='bbox 180 2610 255 2690; x_wconf 87' lang='lat' dir='ltr'>quia</span> <span class='ocrx_word' id='word_1_138' title='bbox 268 2609 358 2674; x_wconf 93' lang='lat' dir='ltr'>dicor</span> <span class='ocrx_word' id='word_1_139' title='bbox 372 2615 449 2675; x_wconf 70' lang='lat' dir='ltr'>altus</span> <span class='ocrx_word' id='word_1_140' title='bbox 462 2615 495 2674; x_wconf 89' lang='lat' dir='ltr'>et</span> <span class='ocrx_word' id='word_1_141' title='bbox 507 2615 610 2675; x_wconf 89' lang='lat' dir='ltr'>mater</span> <span class='ocrx_word' id='word_1_142' title='bbox 620 2612 685 2674; x_wconf 90' lang='lat' dir='ltr'>Pila</span> <span class='ocrx_word' id='word_1_143' title='bbox 696 2614 849 2691; x_wconf 87' lang='lat' dir='ltr'>vocatur,</span> 
     </span>
     <span class='ocr_line' id='line_1_22' title="bbox 88 2715 832 2798; baseline -0.005 -21"><span class='ocrx_word' id='word_1_144' title='bbox 88 2715 301 2796; x_wconf 90' lang='lat' dir='ltr'>compositum</span> <span class='ocrx_word' id='word_1_145' title='bbox 314 2735 431 2780; x_wconf 89' lang='lat' dir='ltr'>nomen</span> <span class='ocrx_word' id='word_1_146' title='bbox 444 2718 564 2782; x_wconf 88' lang='lat' dir='ltr'>Pilatus</span> <span class='ocrx_word' id='word_1_147' title='bbox 576 2719 605 2781; x_wconf 91' lang='lat' dir='ltr'>ei</span> <span class='ocrx_word' id='word_1_148' title='bbox 619 2716 795 2798; x_wconf 81' lang='lat' dir='ltr'>tribuatur!</span> <span class='ocrx_word' id='word_1_149' title='bbox 814 2739 832 2774; x_wconf 66' lang='lat' dir='ltr'>r&gt;</span> 
     </span>
    </p>

    <p class='ocr_par' dir='ltr' id='par_1_11' title="bbox 88 2805 940 3116">
     <span class='ocr_line' id='line_1_23' title="bbox 88 2805 940 2905; baseline 0 -19"><span class='ocrx_word' id='word_1_150' title='bbox 88 2823 196 2888; x_wconf 87' lang='lat' dir='ltr'>Crevit</span> <span class='ocrx_word' id='word_1_151' title='bbox 205 2823 324 2887; x_wconf 91' lang='lat' dir='ltr'>Pilatus</span> <span class='ocrx_word' id='word_1_152' title='bbox 334 2827 366 2887; x_wconf 90' lang='lat' dir='ltr'>et</span> <span class='ocrx_word' id='word_1_153' title='bbox 379 2825 417 2886; x_wconf 90' lang='lat' dir='ltr'>lit</span> <span class='ocrx_word' id='word_1_154' title='bbox 426 2826 567 2905; x_wconf 90' lang='lat' dir='ltr'>prudens</span> <span class='ocrx_word' id='word_1_155' title='bbox 578 2825 780 2904; x_wconf 88' lang='lat' dir='ltr'>adolescens,</span> <span class='ocrx_word' id='word_1_156' title='bbox 938 2805 940 2809; x_wconf 46' lang='grc'>’</span> 
     </span>
     <span class='ocr_line' id='line_1_24' title="bbox 88 2928 856 3010; baseline -0.001 -19"><span class='ocrx_word' id='word_1_157' title='bbox 88 2928 233 3009; x_wconf 88' lang='lat' dir='ltr'>corporis</span> <span class='ocrx_word' id='word_1_158' title='bbox 246 2933 279 2992; x_wconf 90' lang='lat' dir='ltr'>et</span> <span class='ocrx_word' id='word_1_159' title='bbox 289 2930 404 2993; x_wconf 91' lang='lat' dir='ltr'>mentis</span> <span class='ocrx_word' id='word_1_160' title='bbox 416 2933 542 3010; x_wconf 90' lang='lat' dir='ltr'>gemina</span> <span class='ocrx_word' id='word_1_161' title='bbox 553 2929 671 2993; x_wconf 85' lang='lat' dir='ltr'>virtute</span> <span class='ocrx_word' id='word_1_162' title='bbox 685 2931 856 2994; x_wconf 88' lang='lat' dir='ltr'>nitescens.</span> 
     </span>
     <span class='ocr_line' id='line_1_25' title="bbox 89 3035 796 3116; baseline 0.003 -20"><span class='ocrx_word' id='word_1_163' title='bbox 89 3037 205 3098; x_wconf 82' lang='lat' dir='ltr'>Aulam</span> <span class='ocrx_word' id='word_1_164' title='bbox 217 3035 302 3115; x_wconf 91' lang='lat' dir='ltr'>regis</span> <span class='ocrx_word' id='word_1_165' title='bbox 316 3035 382 3097; x_wconf 89' lang='lat' dir='ltr'>adit</span> <span class='ocrx_word' id='word_1_166' title='bbox 393 3083 402 3116; x_wconf 96' lang='lat'>,</span> <span class='ocrx_word' id='word_1_167' title='bbox 415 3039 505 3098; x_wconf 85' lang='lat' dir='ltr'>tante</span> <span class='ocrx_word' id='word_1_168' title='bbox 517 3037 620 3098; x_wconf 88' lang='lat' dir='ltr'>laetus</span> <span class='ocrx_word' id='word_1_169' title='bbox 635 3035 796 3116; x_wconf 86' lang='lat' dir='ltr'>genitore,</span> 
     </span>
    </p>

    <p class='ocr_par' dir='ltr' id='par_1_12' title="bbox 87 3141 990 3650">
     <span class='ocr_line' id='line_1_26' title="bbox 88 3141 976 3223; baseline 0.001 -19"><span class='ocrx_word' id='word_1_170' title='bbox 88 3160 188 3223; x_wconf 89' lang='lat' dir='ltr'>quem</span> <span class='ocrx_word' id='word_1_171' title='bbox 201 3159 259 3204; x_wconf 83' lang='lat' dir='ltr'>rex</span> <span class='ocrx_word' id='word_1_172' title='bbox 273 3160 347 3205; x_wconf 90' lang='lat' dir='ltr'>eum</span> <span class='ocrx_word' id='word_1_173' title='bbox 360 3141 489 3222; x_wconf 89' lang='lat' dir='ltr'>reliquis</span> <span class='ocrx_word' id='word_1_174' title='bbox 502 3141 635 3220; x_wconf 89' lang='lat' dir='ltr'>dignum</span> <span class='ocrx_word' id='word_1_175' title='bbox 648 3143 815 3222; x_wconf 88' lang='lat' dir='ltr'>reputabat</span> <span class='ocrx_word' id='word_1_176' title='bbox 829 3144 952 3205; x_wconf 90' lang='lat' dir='ltr'>bonore</span> <span class='ocrx_word' id='word_1_177' title='bbox 967 3171 976 3204; x_wconf 76' lang='grc' dir='ltr'>ι</span> 
     </span>
     <span class='ocr_line' id='line_1_27' title="bbox 90 3246 884 3328; baseline -0.001 -18"><span class='ocrx_word' id='word_1_178' title='bbox 90 3251 226 3311; x_wconf 90' lang='lat' dir='ltr'>Laetum</span> <span class='ocrx_word' id='word_1_179' title='bbox 239 3247 428 3328; x_wconf 90' lang='lat' dir='ltr'>principium</span> <span class='ocrx_word' id='word_1_180' title='bbox 440 3247 513 3310; x_wconf 89' lang='lat' dir='ltr'>linis</span> <span class='ocrx_word' id='word_1_181' title='bbox 524 3246 717 3326; x_wconf 85' lang='lat' dir='ltr'>quandoque</span> <span class='ocrx_word' id='word_1_182' title='bbox 729 3248 884 3309; x_wconf 90' lang='lat' dir='ltr'>molestus</span> 
     </span>
     <span class='ocr_line' id='line_1_28' title="bbox 91 3354 990 3436; baseline 0 -20"><span class='ocrx_word' id='word_1_183' title='bbox 91 3356 278 3436; x_wconf 89' lang='lat' dir='ltr'>perturbat,</span> <span class='ocrx_word' id='word_1_184' title='bbox 292 3373 352 3418; x_wconf 90' lang='lat' dir='ltr'>ceu</span> <span class='ocrx_word' id='word_1_185' title='bbox 364 3354 569 3436; x_wconf 90' lang='lat' dir='ltr'>tranquillum</span> <span class='ocrx_word' id='word_1_186' title='bbox 582 3370 670 3416; x_wconf 92' lang='lat' dir='ltr'>mare</span> <span class='ocrx_word' id='word_1_187' title='bbox 682 3358 862 3418; x_wconf 90' lang='lat' dir='ltr'>commovet</span> <span class='ocrx_word' id='word_1_188' title='bbox 872 3358 990 3418; x_wconf 88' lang='lat' dir='ltr'>aestus.</span> 
     </span>
     <span class='ocr_line' id='line_1_29' title="bbox 87 3460 923 3543; baseline -0.001 -18"><span class='ocrx_word' id='word_1_189' title='bbox 87 3464 202 3526; x_wconf 89' lang='lat' dir='ltr'>Solum</span> <span class='ocrx_word' id='word_1_190' title='bbox 216 3461 395 3525; x_wconf 89' lang='lat' dir='ltr'>nutrierant</span> <span class='ocrx_word' id='word_1_191' title='bbox 408 3467 453 3537; x_wconf 74' lang='lat'>(2)</span> <span class='ocrx_word' id='word_1_192' title='bbox 466 3479 523 3524; x_wconf 86' lang='lat' dir='ltr'>rex</span> <span class='ocrx_word' id='word_1_193' title='bbox 536 3460 589 3525; x_wconf 90' lang='lat' dir='ltr'>bic</span> <span class='ocrx_word' id='word_1_194' title='bbox 602 3461 776 3541; x_wconf 84' lang='lat' dir='ltr'>reginaque</span> <span class='ocrx_word' id='word_1_195' title='bbox 790 3465 923 3543; x_wconf 89' lang='lat' dir='ltr'>natum,</span> 
     </span>
     <span class='ocr_line' id='line_1_30' title="bbox 89 3568 816 3650; baseline -0.003 -20"><span class='ocrx_word' id='word_1_196' title='bbox 89 3571 175 3630; x_wconf 89' lang='lat' dir='ltr'>etse</span> <span class='ocrx_word' id='word_1_197' title='bbox 188 3571 276 3650; x_wconf 90' lang='lat' dir='ltr'>prole</span> <span class='ocrx_word' id='word_1_198' title='bbox 287 3587 345 3631; x_wconf 89' lang='lat' dir='ltr'>sua</span> <span class='ocrx_word' id='word_1_199' title='bbox 357 3568 517 3648; x_wconf 89' lang='lat' dir='ltr'>gaudebat</span> <span class='ocrx_word' id='word_1_200' title='bbox 529 3571 663 3648; x_wconf 89' lang='lat' dir='ltr'>uterque</span> <span class='ocrx_word' id='word_1_201' title='bbox 677 3568 816 3629; x_wconf 88' lang='lat' dir='ltr'>beatum.</span> 
     </span>
    </p>

    <p class='ocr_par' dir='ltr' id='par_1_13' title="bbox 88 3674 674 3739">
     <span class='ocr_line' id='line_1_31' title="bbox 88 3674 674 3739; baseline -0.002 0"><span class='ocrx_word' id='word_1_202' title='bbox 88 3675 150 3739; x_wconf 87' lang='lat' dir='ltr'>Cui</span> <span class='ocrx_word' id='word_1_203' title='bbox 166 3676 356 3738; x_wconf 89' lang='lat' dir='ltr'>colludendo</span> <span class='ocrx_word' id='word_1_204' title='bbox 371 3675 489 3739; x_wconf 90' lang='lat' dir='ltr'>Pilatus</span> <span class='ocrx_word' id='word_1_205' title='bbox 503 3693 537 3738; x_wconf 88' lang='lat' dir='ltr'>se</span> <span class='ocrx_word' id='word_1_206' title='bbox 551 3674 674 3738; x_wconf 88' lang='lat' dir='ltr'>sociare</span> 
     </span>
    </p>

    <p class='ocr_par' dir='ltr' id='par_1_14' title="bbox 88 3782 843 3863">
     <span class='ocr_line' id='line_1_32' title="bbox 88 3782 843 3863; baseline -0.003 -20"><span class='ocrx_word' id='word_1_207' title='bbox 88 3783 201 3861; x_wconf 87' lang='lat' dir='ltr'>coepit</span> <span class='ocrx_word' id='word_1_208' title='bbox 212 3785 244 3843; x_wconf 87' lang='lat' dir='ltr'>et</span> <span class='ocrx_word' id='word_1_209' title='bbox 257 3783 291 3844; x_wconf 95' lang='lat' dir='ltr'>in</span> <span class='ocrx_word' id='word_1_210' title='bbox 305 3783 382 3845; x_wconf 93' lang='lat' dir='ltr'>ludo</span> <span class='ocrx_word' id='word_1_211' title='bbox 397 3800 531 3863; x_wconf 92' lang='lat' dir='ltr'>puerum</span> <span class='ocrx_word' id='word_1_212' title='bbox 546 3782 704 3844; x_wconf 86' lang='lat' dir='ltr'>tractabat</span> <span class='ocrx_word' id='word_1_213' title='bbox 717 3799 843 3843; x_wconf 84' lang='lat' dir='ltr'>amare:</span> 
     </span>
    </p>
   </div>
   <div class='ocr_carea' id='block_1_3' title="bbox 26 4007 1132 4068">
    <p class='ocr_par' dir='ltr' id='par_1_15' title="bbox 26 4007 1132 4068">
     <span class='ocr_line' id='line_1_33' title="bbox 26 4007 1132 4068; baseline -0.004 -12"><span class='ocrx_word' id='word_1_214' title='bbox 26 4013 57 4068; x_wconf 76' lang='lat' dir='ltr'>(l)</span> <span class='ocrx_word' id='word_1_215' title='bbox 80 4009 199 4056; x_wconf 81' lang='lat' dir='ltr'>Vocemur</span> <span class='ocrx_word' id='word_1_216' title='bbox 213 4024 254 4068; x_wconf 89' lang='lat' dir='ltr'>par</span> <span class='ocrx_word' id='word_1_217' title='bbox 265 4024 343 4057; x_wconf 87' lang='lat' dir='ltr'>erreur</span> <span class='ocrx_word' id='word_1_218' title='bbox 357 4012 411 4057; x_wconf 92' lang='lat' dir='ltr'>dans</span> <span class='ocrx_word' id='word_1_219' title='bbox 423 4019 486 4056; x_wconf 81' lang='lat' dir='ltr'>notre</span> <span class='ocrx_word' id='word_1_220' title='bbox 500 4023 556 4066; x_wconf 79' lang='lat' dir='ltr'>ms,</span> <span class='ocrx_word' id='word_1_221' title='bbox 619 4013 647 4066; x_wconf 62' lang='grc' dir='ltr'>(ΩΙ</span> <span class='ocrx_word' id='word_1_222' title='bbox 661 4011 791 4056; x_wconf 73' lang='lat' dir='ltr'>Nota-ierat</span> <span class='ocrx_word' id='word_1_223' title='bbox 800 4012 855 4054; x_wconf 91' lang='lat' dir='ltr'>dans</span> <span class='ocrx_word' id='word_1_224' title='bbox 870 4015 932 4053; x_wconf 85' lang='lat' dir='ltr'>notra</span> <span class='ocrx_word' id='word_1_225' title='bbox 944 4019 999 4062; x_wconf 58' lang='lat' dir='ltr'>msa</span> <span class='ocrx_word' id='word_1_226' title='bbox 1015 4007 1071 4052; x_wconf 84' lang='lat' dir='ltr'>mais</span> <span class='ocrx_word' id='word_1_227' title='bbox 1082 4013 1132 4053; x_wconf 87' lang='lat' dir='ltr'>tous</span> 
     </span>
    </p>
   </div>
   <div class='ocr_carea' id='block_1_4' title="bbox 16 4072 894 4188">
    <p class='ocr_par' dir='ltr' id='par_1_16' title="bbox 16 4072 894 4188">
     <span class='ocr_line' id='line_1_34' title="bbox 16 4072 894 4179; baseline -0.001 -62"><span class='ocrx_word' id='word_1_228' title='bbox 16 4074 105 4179; x_wconf 42' lang='lat' dir='ltr'>diffie</span> <span class='ocrx_word' id='word_1_229' title='bbox 126 4073 149 4118; x_wconf 90' lang='lat' dir='ltr'>la</span> <span class='ocrx_word' id='word_1_230' title='bbox 174 4073 230 4118; x_wconf 87' lang='lat' dir='ltr'>rime</span> <span class='ocrx_word' id='word_1_231' title='bbox 249 4079 312 4129; x_wconf 88' lang='lat' dir='ltr'>perte</span> <span class='ocrx_word' id='word_1_232' title='bbox 334 4079 424 4130; x_wconf 86' lang='lat' dir='ltr'>partout</span> <span class='ocrx_word' id='word_1_233' title='bbox 438 4085 477 4118; x_wconf 90' lang='lat' dir='ltr'>sur</span> <span class='ocrx_word' id='word_1_234' title='bbox 497 4075 556 4118; x_wconf 81' lang='lat' dir='ltr'>deur</span> <span class='ocrx_word' id='word_1_235' title='bbox 593 4075 624 4117; x_wconf 89' lang='lat' dir='ltr'>les</span> <span class='ocrx_word' id='word_1_236' title='bbox 638 4077 716 4118; x_wconf 86' lang='lat' dir='ltr'>autres</span> <span class='ocrx_word' id='word_1_237' title='bbox 726 4079 764 4118; x_wconf 85' lang='lat' dir='ltr'>onl</span> <span class='ocrx_word' id='word_1_238' title='bbox 777 4073 797 4117; x_wconf 87' lang='lat' dir='ltr'>le</span> <span class='ocrx_word' id='word_1_239' title='bbox 808 4072 894 4129; x_wconf 87' lang='lat' dir='ltr'>pluriel.</span> 
     </span>
     <span class='ocr_line' id='line_1_35' title="bbox 16 4147 116 4188; baseline -0.01 -9"><span class='ocrx_word' id='word_1_240' title='bbox 16 4147 58 4188; x_wconf 71' lang='lat' dir='ltr'>pa</span> <span class='ocrx_word' id='word_1_241' title='bbox 93 4147 116 4178; x_wconf 90' lang='lat' dir='ltr'>s.</span> 
     </span>
    </p>
   </div>
   <div class='ocr_carea' id='block_1_5' title="bbox 0 0 1346 4970">
    <p class='ocr_par' dir='ltr' id='par_1_17' title="bbox 0 0 1346 4970">
     <span class='ocr_line' id='line_1_36' title="bbox 0 0 1346 4970; baseline 0 0"><span class='ocrx_word' id='word_1_242' title='bbox 0 0 1346 4970; x_wconf 95' lang='lat' dir='ltr'> </span> 
     </span>
    </p>
   </div>
  </div>
 </body>
</html>
