2672 4968
525 440 689 498 453-

87 568 112 626 0
125 568 300 629 Lanlrance
312 613 321 648 ,
336 569 427 647 pater
440 583 575 646 magne,
595 565 721 646 praesul
735 563 948 644 honorabilis,

90 673 290 737 orthodoxae
304 673 383 754 legis
394 671 508 736 Christi
522 674 634 736 doctor
648 669 856 751 admirabilis,

84 778 180 858 quits)
198 782 230 843 te
243 779 349 860 novit,
366 779 442 843 dum
457 784 489 843 te
502 783 633 861 pensat,
648 796 715 842 non
729 781 777 842 est
790 777 859 840 sine
872 775 1039 856 lacrymis?

85 909 136 974 Sic
147 912 250 995 fuisti,
264 914 342 976 dum
353 912 476 995 vixisti,
490 913 649 994 prudens,
665 914 786 994 bonus,
802 910 928 991 sapiens

86 1020 119 1079 ct
133 1018 166 1080 in
180 1020 276 1082 rebus
288 1020 444 1084 universis
459 1019 618 1102 sapienter
630 1019 793 1099 gradienS,

84 1127 118 1186 t
132 1143 199 1189 non
211 1125 267 1189 tibi
281 1144 390 1206 parem
405 1127 502 1190 babet
515 1127 624 1192 Oriens
638 1129 688 1190 vel
699 1125 863 1191 Occidens.

82 1261 172 1324 unde
182 1263 255 1342 jure
270 1261 480 1324 contristatur
493 1279 587 1326 omno
601 1263 945 1342 praesenssaeculum,

79 1367 257 1447 perdidisse
269 1385 303 1431 so
317 1369 486 1449 deplorans
499 1369 579 1432 lucis
593 1386 670 1432 suae
680 1371 863 1450 speculum,

79 1477 179 1556 atque
192 1492 323 1538 normae
337 1475 528 1538 christianae
542 1493 696 1556 magnum
711 1477 972 1555 gubernaculum.

78 1607 166 1670 Heia!
181 1607 264 1670 bed!
279 1625 484 1688 properemus
497 1607 593 1670 istum
605 1608 699 1688 llere,
714 1606 813 1688 Socii,

79 1715 174 1794 cujus
187 1732 299 1777 sumus
314 1718 473 1777 amatores
484 1715 556 1795 plus
570 1732 666 1796 quam
680 1731 791 1777 omnes
805 1715 929 1795 populi,

77 1839 139 1884 nec
152 1823 328 1901 optemusa
342 1822 485 1902 singultu
499 1825 625 1901 tempus
640 1823 741 1883 ullum
755 1819 831 1884 otii!

76 1957 170 2018 Nulla
184 1953 252 2018 dies
263 1957 314 2021 vel
326 1958 527 2020 momentum
540 1955 609 2036 sine
621 1957 711 2018 luctu
726 1958 890 2036 transeat,

76 2064 186 2126 tantus
199 2079 326 2126 moeror
341 2063 381 2125 de
394 2065 571 2126 Lanlranco
583 2079 651 2125 non
665 2063 705 2124 de
717 2061 814 2125 corde
826 2065 952 2143 pereat,

75 2169 201 2249 sedper
213 2169 322 2232 disset
335 2187 392 2249 per
406 2174 539 2250 noctes,
556 2172 593 2230 ut
606 2171 655 2231 est
669 2168 823 2248 dignum,
837 2169 980 2232 maneat!

79 2301 158 2376 Quis
169 2303 381 2370 Lanfranoum
392 2301 478 2364 flebit
493 2301 605 2382 digne,
620 2301 717 2382 mibi,
732 2319 866 2382 quaeso,
886 2285 1000 2382 dicite,

76 2425 174 2486 quem
187 2407 297 2488 sophia
311 2407 500 2487 gubernavit
510 2426 528 2469 a
540 2407 701 2487 primaevo
715 2411 875 2488 tempore,

76 2513 255 2576 divinarum
269 2530 383 2576 causas
396 2517 465 2594 ejus
478 2513 620 2576 condens
632 2531 737 2576 rerum
751 2517 896 2593 pectore?

74 2647 143 2710 Ob!
160 2665 255 2728 quam
270 2650 403 2728 pulchre
419 2648 585 2728 deputavit
597 2649 656 2710 sibi
671 2649 905 2726 necessarium,

73 2772 170 2834 quem
182 2757 250 2816 tam
261 2754 352 2817 valde
366 2755 547 2820 venustavit
561 2753 734 2834 disciplinis
748 2755 864 2818 artium
875 2757 935 2837 (l),

77 2859 240 2939 sigillatim
254 2877 349 2939 super
363 2863 514 2941 cunctos,
529 2863 649 2940 septem
663 2861 858 2924 liberalium!

74 2997 144 3056 Non
157 2992 189 3056 in
202 2993 326 3072 magnis
337 3010 444 3056 rerum
454 2992 560 3056 causis
574 2993 634 3055 luit
648 2997 714 3056 tam
723 2993 871 3076 difficile,

74 3101 99 3162 si
114 3118 172 3180 per
183 3117 312 3164 sensum
324 3098 506 3163 meditantis
518 3104 587 3162 erat
601 3119 743 3180 unquam
756 3102 880 3183 scibile,

71 3207 159 3288 quod
169 3208 364 3270 lanfrancus
378 3205 562 3286 indagando
575 3225 641 3270 non
657 3207 783 3270 lecisset
796 3211 901 3274 facile.

72 3339 121 3404 Sic
135 3339 285 3402 nimirum
295 3357 419 3420 semper
432 3343 504 3422 ejus
518 3340 670 3420 vigilabat
682 3338 822 3420 animus,

75 3447 154 3508 utin
168 3449 263 3510 rebus
276 3446 435 3512 universis
448 3451 533 3511 esset
545 3445 754 3529 peritissimus

72 3559 104 3616 et
113 3555 279 3636 quaerenti
294 3555 452 3618 rationem
464 3556 598 3619 reddere
609 3552 872 3635 promptissimus.

75 3689 165 3761 Quod
179 3688 212 3752 in
225 3689 342 3753 sobolis
358 3690 435 3751 dum
449 3691 593 3756 studeret
606 3690 790 3753 adolescens
802 3687 914 3752 didicit

74 3797 239 3860 secuturos
252 3795 467 3861 instructurus
481 3797 599 3877 optime
613 3795 760 3877 retinuit,

58 4033 87 4088 ll)
106 4032 136 4078 tle
154 4045 206 4078 vers
221 4033 305 4078 semble
325 4043 456 4090 conompu3
474 4032 572 4088 quoique
608 4043 638 4076 un
650 4044 701 4077 sens
710 4031 816 4088 renecti,
826 4035 839 4078 ll
850 4035 898 4080 taut
907 4045 960 4081 saus
970 4037 1037 4086 doute
1046 4041 1085 4088 liro
1096 4045 1147 4102 put,

40 4091 160 4138 l'eoarlore
172 4095 233 4140 n’ctlt
247 4107 287 4150 pas
301 4094 357 4138 dans
368 4095 388 4138 la
403 4095 475 4138 bonne
486 4094 571 4138 latinitd
606 4106 634 4137 ou
643 4093 783 4149 disciplina.
