2676 4968
471 420 652 478 '-381-

109 542 198 606 Unde
209 544 286 606 satis
300 544 434 623 supplex
448 543 639 624 humilisque
652 542 787 622 requirit
798 544 838 605 ah
851 544 922 622 iiie,

148 667 246 729 quere
260 653 327 712 tam
342 650 479 730 graviter
494 649 699 729 corripuisset
713 667 797 711 eum.

108 760 243 820 Sanctus
256 755 306 818 ei:
324 780 340 815 a
352 760 432 820 Vere
446 755 605 836 possessio
620 755 784 818 daemonis
797 773 831 818 es
845 759 901 836 tu5
995 771 998 778 ·

147 863 201 923 lex
215 878 322 943 saera,
339 862 541 944 sacrandae,
557 865 589 924 te
603 862 792 942 tribulante,
807 866 889 925 ruet.

107 967 298 1048 conjugium
311 970 432 1049 solves,
449 987 634 1050 corrumpas
645 968 877 1050 virginitatem,

144 1074 330 1154 jndicquue
342 1078 398 1140 tuo
410 1077 657 1140 eastus'adulter
667 1077 748 1157 erit3

108 1183 208 1244 Exiex
221 1181 398 1262 legitimum
413 1183 577 1246 damnabit
589 1183 720 1265 iniquus
732 1183 870 1247 amicum
940 1207 942 1214 ’
962 1267 964 1274 ¹

143 1288 304 1370 justitiae,
317 1289 420 1377 pietas
434 1289 595 1369 impietate
610 1290 713 1354 cadet.

106 1398 149 1457 Tu
166 1394 280 1477 facies,
294 1397 410 1458 mentis
424 1399 461 1459 ut
475 1397 674 1462 circumcisio
688 1399 828 1480 nonsit,

146 1503 183 1563 ut
196 1501 306 1564 redeat
318 1503 441 1582 carnis,
456 1506 493 1565 ut
508 1521 599 1566 sacra
613 1508 716 1568 cesset
729 1523 829 1585 aqua,

105 1610 208 1686 thue
221 1609 333 1688 loquar
346 1609 484 1673 breviter
495 1614 556 1692 (1),
572 1612 674 1674 Adam
684 1616 824 1675 veterem
838 1613 1009 1674 renovabis

147 1717 244 1793 atque
260 1732 360 1780 novas
374 1719 417 1792 (2)
429 1716 516 1796 leges
530 1717 572 1780 ad
582 1717 737 1780 nichilum
750 1717 886 1797 rediges.
900 1739 915 1774 »

106 1825 194 1884 Tunc
207 1823 386 1886 Machomes
399 1826 584 1886 constanter
597 1824 642 1886 ait
656 1841 690 1886 se
703 1825 796 1886 malle
811 1825 944 1886 cremari

146 1946 244 2008 quam
258 1947 315 2008 pro
330 1931 464 2010 seleges
477 1931 519 1992 ad
532 1925 686 1994 nichilum
699 1930 811 2010 redigi.

106 2035 160 2097 Vir
173 2038 281 2100 tamen
293 2037 345 2098 ilie
358 2037 413 2100 Dei
426 2036 651 2100 nichilominus
664 2037 808 2124 increpat
821 2037 912 2100 ilium

147 2161 229 2223 aque
242 2148 287 2220 (3)
299 2162 357 2208 sua
371 2143 452 2206 facie
462 2147 529 2223 jam
542 2146 654 2224 procul
666 2143 713 2206 ire
722 2145 823 2223 jubet.

107 2250 288 2313 Abscedens
302 2251 480 2313 Machomes
493 2254 527 2311 et
540 2250 645 2314 Sancti
657 2241 743 2314 dicta
756 2251 939 2332 revolvens,

148 2355 333 2419 innumeras
351 2355 457 2419 animo
471 2358 596 2436 fertque
608 2358 791 2435 referqque)
804 2357 906 2436 vices,

107 2465 186 2523 Nam
200 2461 240 2523 de
254 2479 288 2524 se
299 2465 415 2526 Sancto
428 2463 596 2544 plusquam
610 2461 669 2525 sibi
681 2463 811 2526 credere
823 2463 947 2544 coepit,

148 2571 181 2629 et
195 2567 277 2631 sicut
290 2573 430 2633 mentem
443 2569 490 2634 sic
503 2569 606 2634 variat
619 2569 754 2650 faciem3

107 2679 239 2755 Jamque
253 2676 329 2738 satis
343 2679 450 2756 posset
463 2677 629 2740 advertere
635 2675 774 2756 quilibet
786 2676 894 2756 illum,

148 2799 214 2844 non
224 2782 341 2873 proprii
352 2783 434 2863 J'uris
447 2801 516 2846 esse
530 2783 588 2846 sed
600 2783 742 2846 alterius.

109 2895 249 2951 Daemon
260 2888 344 2950 enim
358 2890 495 2952 ducebat
508 2908 582 2952 eum
596 2907 788 2969 quocunque
800 2890 948 2970 volebat,

149 2994 367 3074 permissuque
379 2994 434 3056 Dei
445 3012 595 3074 prospera
608 2998 724 3058 cuncta
740 2995 846 3058 dabat.

109 3100 188 3181 Qui,
202 3100 365 3180 proprium
375 3103 482 3163 tamen
496 3101 537 3162 ad
552 3100 717 3163 dominum
732 3087 773 3164 de'
784 3120 874 3164 more
887 3119 1054 3182 reversus,

150 3207 321 3288 exequitur
332 3207 461 3270 solitum
475 3208 605 3271 sedulus
619 3206 826 3290 obsequium3

108 3318 284 3378 Conservos
298 3315 386 3376 adse
400 3316 511 3394 vocat3
527 3313 666 3376 adsunt:
682 3312 817 3392 imperat
831 3313 911 3394 illis3

149 3419 233 3482 illius
245 3419 384 3499 imperiis
399 3420 606 3483 accelerando
622 3421 740 3483 favent.

108 3526 215 3590 Serica
227 3543 301 3588 cum
314 3524 404 3606 tyriis
419 3528 451 3587 et
461 3524 583 3588 murice
594 3523 689 3605 pallia
702 3523 821 3603 tincta,

148 3633 284 3713 plurima
297 3636 461 3714 praeterea
474 3650 556 3712 quae
567 3631 705 3711 pretiosa
718 3634 853 3711 putant,

108 3747 153 3803 De
168 3741 287 3804 domini
299 3743 431 3804 sumunt
442 3739 600 3802 thesauris
614 3742 712 3818 atquc
724 3740 862 3802 camelos

151 3864 192 3911 ex
204 3846 279 3926 ipsis
295 3849 448 3926 onerantq
462 3845 508 3909 sic
522 3846 581 3908 iter
593 3844 758 3924 arripiunt.

25 4045 63 4086 «1)
79 4036 252 4082 Breviuedans
267 4038 293 4079 n.
618 4037 647 4080 (5)
664 4033 727 4090 Equo
743 4035 798 4077 dans
810 4033 837 4074 B.
913 4077 914 4080 Ἴ

24 4105 63 4145 “zi
79 4099 208 4154 Noqidans
218 4101 246 4143 Α.
