2676 4968
683 445 849 508 „ppa-

305 577 390 642 Dixit
402 595 484 660 quae
495 593 590 657 supra
601 579 668 656 jam
681 590 735 640 me
748 575 910 657 scripsisse
923 577 967 647 (tt
981 578 1153 659 recordor3

344 683 573 768 propterquod
586 681 723 749 breviter
737 685 814 746 sunt
826 683 1036 746 memoranda
1046 682 1124 746 mibi
1140 711 1149 743 ι

303 792 396 871 Quod
407 794 530 874 Moyses
540 788 668 870 redeat,
682 789 806 854 Christo
820 788 972 868 cedente,
987 790 1144 869 vetusque

343 898 423 962 ritus
439 898 554 976 agatur
566 894 659 975 item,
674 897 745 976 lege
757 894 894 959 cadente
907 911 1011 976 uova3

303 1003 395 1080 Quod
410 1003 644 1066 sacramentum
658 1003 761 1064 cesset
772 1000 986 1082 baptismatis,
1003 1002 1036 1062 et
1047 999 1134 1080 quod

350 1107 598 1174 circumcidendi
611 1125 681 1172 mos
694 1107 809 1172 iterum
823 1108 954 1188 redeat3

310 1217 402 1295 Quod
415 1215 501 1280 licite
513 1215 613 1278 denas
627 1232 745 1278 uxores
758 1216 875 1280 ducere
892 1215 992 1296 possit

346 1337 448 1401 unus,
463 1321 497 1384 et
507 1336 572 1383 uua
584 1319 695 1384 decom
707 1321 808 1400 possit
821 1323 939 1386 babere
952 1321 1048 1386 viros.

307 1433 391 1492 Haec
403 1431 573 1509 postquam
587 1426 669 1492 dixit
679 1429 875 1509 Machames,
891 1431 924 1491 et
936 1429 1062 1491 caetera
1073 1443 1157 1506 quae
1171 1443 1205 1488 sc

348 1534 454 1598 dicere
467 1534 610 1615 dicebat,
625 1533 838 1614 praecipiente
851 1537 934 1614 Dec,

286 1680 290 1685 -
311 1667 327 1702 ι(
341 1642 569 1723 ascendamus,
581 1664 597 1700 »
612 1642 669 1724 ait,
685 1664 702 1700 a
717 1645 861 1706 montem
873 1657 969 1722 quem
982 1639 1111 1705 cernitis
1126 1638 1208 1717 iilic3

349 1750 493 1814 fortassis
505 1750 596 1814 nobis
610 1748 730 1814 coelica
741 1749 838 1812 verba
852 1749 990 1812 soueut=

310 1857 360 1922 Sic
373 1856 491 1921 etenim
503 1856 666 1937 quondam
677 1859 800 1936 Moyses
813 1855 854 1918 de
866 1857 976 1920 monte
985 1854 1124 1940 refertur

350 1965 384 2028 iu
398 1965 514 2029 tabulis
527 1966 630 2044 legem
645 1963 741 2026 dante
756 1963 866 2026 tulisse
879 1965 956 2026 beo.
971 1983 986 2018 u

311 2070 367 2133 Hic
379 2070 606 2152 praetendebat
619 2070 800 2134 Machoures
810 2068 994 2148 verissima,
1008 2081 1120 2130 verum

353 2179 413 2240 sub
425 2176 529 2258 specie
541 2176 609 2240 veri
624 2175 802 2256 decipiebat
814 2191 879 2238 eos.

312 2288 390 2348 Nam
403 2282 491 2363 prius
505 2283 631 2346 occulte
644 2284 787 2346 montem
800 2280 1032 2344 conscenderat
1044 2279 1148 2358 ipsum

353 2391 463 2471 inquo
478 2391 541 2452 mel
554 2389 691 2452 muitum
705 2390 819 2468 lacque
831 2387 1063 2451 recondiderat.

313 2499 427 2562 Montis
438 2497 524 2560 euim
539 2498 685 2577 culmen,
700 2513 763 2575 qua
777 2495 885 2558 nescio
900 2495 1025 2558 foderat
1036 2493 1128 2572 arte,

353 2610 390 2668 ut
401 2609 473 2669 tuto
486 2604 643 2685 liquidum
657 2604 735 2684 quid
748 2603 887 2666 retinere
900 2603 1007 2683 queat.
1148 2592 1149 2600 '

314 2712 373 2774 Mel
386 2710 484 2790 igitur
495 2711 675 2774 Macbomes
690 2710 801 2774 foveae
813 2708 1016 2773 commiserat
1028 2704 1084 2769 uni
1097 2753 1105 2786 ,

355 2819 454 2880 altera
465 2819 516 2880 lac
527 2816 631 2879 tenuit
646 2816 723 2882 dum
736 2818 915 2880 Macbomes
928 2814 1029 2879 voluit
1042 2841 1050 2873 ι

316 2925 365 2989 Sic
378 2940 507 3004 quoque
518 2921 691 3004 cespitibus
704 2924 870 2987 fovearum
883 2923 1008 2985 texerat
1018 2937 1096 3000 ora,

357 3034 393 3095 ut
406 3032 513 3095 nullus
527 3031 631 3094 fossae
645 3030 746 3111 possit
758 3030 877 3094 babere
889 3031 1009 3091 uotam.

319 3141 486 3202 Praeterea
499 3140 630 3216 taurus,
653 3151 747 3216 quem
760 3154 812 3199 me
826 3150 1020 3198 memorasse
1032 3129 1194 3210 recordor,

323 3245 329 3254 ’
359 3246 452 3324 quus
464 3246 533 3305 erat
545 3245 640 3323 potus
654 3241 797 3304 Baoobus
809 3243 842 3303 et
853 3257 927 3303 esca
940 3242 1052 3320 Ceres,

320 3349 410 3413 Haud
422 3348 534 3429 procul
549 3366 567 3410 a
582 3347 682 3413 foveis
694 3346 786 3410 lactis
799 3345 962 3429 mellisque
977 3345 1097 3407 latebat

358 3458 445 3536 leges
456 3455 610 3519 confictas
623 3471 642 3516 a
655 3455 852 3518 Macbomete
865 3468 990 3533 gerens.

319 3566 386 3625 Huc
400 3562 498 3643 igitur
510 3563 680 3642 postquam
693 3559 891 3640 Macbomes‚
905 3571 1053 3638 proceres
1067 3553 1263 3632 populusque

360 3673 532 3751 venerunt,
547 3669 727 3732 Macbomes
744 3680 903 3747 quemque
918 3662 1010 3726 silere
1022 3661 1125 3742 jubet.

320 3783 389 3854 Quo
402 3779 504 3858 facto,
518 3775 609 3858 quasi
621 3773 789 3838 consilium
802 3771 942 3852 bomini,
957 3769 1140 3834 manifestat

362 3883 439 3964 quid
451 3881 492 3944 de
503 3880 665 3944 mutandis
677 3879 800 3960 legibus
812 3876 955 3940 instituet
968 3903 976 3957 3

256 4130 285 4195 tt)
301 4127 398 4174 Diuinae
411 4127 466 4171 daus
477 4126 503 4169 b.
518 4109 520 4114 ¹
