2662 4968
681 393 722 403 -
735 362 842 420 lul—-

281 483 335 548 vix
349 486 452 548 telluri
466 503 589 548 summa
604 487 722 566 pedum
735 487 903 566 imponunt
913 486 1056 566 vestigia.

281 617 424 697 crispant
435 618 537 682 crines
551 618 749 698 calamistro,
765 619 848 680 circa
863 621 958 697 caput
972 617 1128 682 condiunt
1140 620 1207 697 (l),
1284 661 1286 672 ,
1310 595 1311 600 ἵ

282 741 376 803 supra
388 725 479 788 sodes
494 724 665 804 gloriantes
678 725 786 788 Patres
798 723 860 787 dici
874 726 1041 804 appetunt,
1311 719 1312 730 ’

282 829 340 891 sed
353 847 371 892 a
384 829 466 909 lupis
480 847 594 910 greges
606 846 682 892 suos
694 829 824 892 minime
837 829 1032 892 custodiunt.

283 973 360 1032 Nam
374 970 428 1034 Dei
441 972 529 1050 plebs
541 970 650 1034 multis
663 959 766 1060 modis
779 971 933 1033 multatus
946 971 1112 1052 quotidie,

284 1077 361 1138 dum
375 1077 516 1140 cavenda
529 1076 633 1138 mollis
645 1080 754 1155 pastor
765 1075 889 1140 illectus
903 1076 1055 1158 segnitie,

283 1183 365 1245 bello
377 1182 489 1268 nequit
501 1181 586 1243 hosti
601 1181 698 1262 duro,
714 1181 793 1245 virili
808 1181 978 1258 resistere(
1002 1187 1022 1258 ).

284 1319 393 1381 Tutior
405 1317 480 1382 binc
494 1319 595 1382 hostis
608 1321 711 1382 lactus
725 1339 783 1383 sua
798 1321 899 1383 tendit
913 1321 1011 1404 retia,

285 1427 336 1504 ul,
353 1423 401 1485 bis
415 1426 523 1505 capta,
538 1424 759 1487 fraudulentur
772 1426 963 1505 populorum
977 1425 1126 1506 agmina,

285 1527 485 1590 trucidentur
498 1531 530 1589 et
543 1529 584 1589 ad
597 1546 691 1602 saeva
706 1530 864 1592 ducantur
877 1529 1023 1592 ludibria.

284 1669 444 1744 Quosdam
459 1671 551 1732 necat
565 1670 647 1731 clam
660 1670 804 1748 palamve
818 1667 949 1732 foetenti
964 1667 1093 1731 libidine

287 1779 319 1836 et
332 1773 456 1837 voracis
466 1773 622 1853 quosdam
637 1774 710 1853 igne
722 1773 888 1837 succendit
902 1775 1044 1836 tenaciae
1057 1777 1121 1854 (3),

287 1881 443 1960 quosdam
456 1899 532 1945 vero
546 1884 628 1944 fastu
642 1879 746 1943 caedit
757 1879 886 1942 immitis
901 1879 1077 1959 superbiae.

288 2019 338 2083 Sic
352 2019 469 2082 alllicta
482 2021 570 2099 plebs
583 2020 726 2100 privatur
740 2021 921 2100 praesulum
934 2017 1091 2098 praesidio
1103 2065 1117 2098 ,.

290 2127 344 2206 qui
359 2127 483 2206 placere
496 2125 590 2188 nimis
604 2129 715 2205 optant
729 2125 819 2206 iungi
835 2124 1017 2186 transitorio

292 2247 351 2291 nec
363 2233 513 2293 verentur
524 2246 662 2308 nequam
676 2228 741 2290 vita
758 2227 922 2307 displicere
935 2225 1078 2289 Domino.

292 2369 367 2429 (llus
379 2366 504 2449 (hlorti,
519 2370 552 2430 et
565 2371 710 2448 anetum,
726 2366 952 2445 cuminumque
966 2365 1135 2444 deamant3

292 2467 379 2548 quod
393 2471 442 2530 est
453 2486 594 2532 crassum
609 2468 665 2530 sibi
682 2471 824 2547 servant,
838 2467 1042 2530 macilentum
1053 2465 1249 2545 reprobant(
1272 2467 1292 2540 l,

294 2575 408 2634 curant
420 2573 535 2652 quibus
549 2573 627 2635 cibis
641 2590 699 2635 sua
714 2575 853 2635 stercora
866 2571 1047 2634 conficiant.

293 2709 411 2766 llorum
427 2721 557 2766 mensae
570 2705 793 2780 [blonerantur
807 2722 848 2766 ex
859 2702 991 2766 diversis
1005 2693 1133 2766 ferculis'
1146 2731 1160 2784 ·,

294 2825 370 2870 vasa
379 2811 503 2888 fulgent
516 2812 670 2873 coronata
683 2809 886 2889 pigmentatis
900 2809 1040 2890 poculiS,

295 2914 410 2993 quibus
423 2919 505 2977 Deus
518 2918 630 2977 venter
643 2919 750 2977 exstat
763 2916 920 2978 distentus
934 2913 1063 2976 deliciis.

295 3055 402 3113 Bonus
414 3053 523 3129 pastor
538 3050 599 3112 illis
613 3051 728 3112 clamat
744 3077 751 3111 ι
767 3054 831 3113 Vae
845 3048 905 3110 erit
917 3046 1114 3127 pastoribus,

296 3158 351 3240 qui
366 3159 539 3221 vescuntur
553 3155 659 3236 gregis
672 3156 722 3218 sui
736 3154 888 3235 saginatis
901 3153 1065 3235 carnibuS,

296 3263 370 3343 quia
385 3266 479 3325 erunt
491 3261 662 3342 mancipati
676 3261 790 3323 inferni
805 3262 990 3324 tortoribus.

297 3399 399 3475 Ergo,
412 3395 520 3455 Patres
533 3391 722 3473 venerandi,
737 3389 894 3471 sapienter
908 3389 1002 3454 vivite

246 3622 275 3675 (ll
289 3618 459 3665 Probablcment
470 3615 541 3659 Circo
550 3621 584 3659 est
592 3614 622 3659 lci
631 3625 675 3657 une
685 3612 762 3668 prepo-
824 3613 852 3667 (3l
866 3611 967 3656 Teoocic
977 3625 1032 3670 pour
1045 3611 1183 3668 Tenocilaa,
1196 3613 1323 3664 ‚traiicere

220 3683 301 3735 sitien,
324 3682 421 3736 quoique
444 3689 501 3722 nous
519 3677 611 3732 n‘apons
631 3677 713 3730 jamals
732 3685 762 3716 ru
798 3680 876 3718 trouve
899 3675 955 3718 dans
974 3675 1003 3717 du
1024 3675 1113 3731 Gange,
1137 3680 1155 3718 t.
1176 3673 1226 3731 Vl,
1250 3689 1271 3732 p.
1287 3679 1323 3724 532,

220 3743 328 3788 donnerlr
342 3741 442 3786 Coodire
458 3752 501 3784 une
516 3736 663 3794 signification
675 3736 763 3779 intran-
799 3737 840 3781 col.
852 3746 873 3785 3.

221 3807 296 3850 siuve·
825 3836 854 3889 (ll
868 3833 885 3878 ll
897 3845 938 3889 pa
954 3832 1011 3876 dans
1023 3831 1044 3876 le
1063 3829 1254 3886 mammetem
1268 3826 1323 3872 mori·

246 3876 276 3931 ¹⁹)
288 3877 409 3948 Peqt‘em
421 3885 450 3918 ³¹¹
467 3871 554 3943 ¹¹⁰⁰.‘¹⁰
565 3872 645 3913 metm
662 3878 706 3910 ¹¹⁰⁶
716 3866 764 3910 ψ’
798 3895 902 3948 lectrum
918 3899 976 3939 celte
985 3892 1142 3950 transposition
1153 3891 1213 3949 erait
1222 3889 1323 3936 necessita

222 3938 272 3993 gule
284 3947 347 3991 apres
359 3936 432 3990 duro,
447 3935 581 3978 devrart-on
597 3929 620 3973 le
635 3934 763 3983 transposer
799 3970 840 4014 par
849 3957 869 4001 le
878 3956 991 4011 rhythmo·

223 4005 245 4044 et
261 3999 351 4044 lerire:

268 4074 316 4104 lluro
326 4072 374 4104 bcllo
385 4071 446 4110 nequii
457 4069 504 4101 lroali
513 4066 561 4100 virili
572 4067 660 4098 resistere.
