2646 4970
688 455 728 464 —-
743 427 800 482 192
814 455 854 464 -

210 559 316 618 menta
337 558 370 616 et
387 553 575 616 cantatellae
589 551 706 632 quihus
722 552 772 613 vel
791 549 930 613 maxime
948 549 1094 640 Sagillius
1111 553 1308 612 Germanus

211 660 353 726 Vitellius
367 660 513 720 utuntur.
530 659 569 720 ut
583 655 635 717 ille
645 654 777 735 quidem
788 653 820 715 in
832 652 938 716 libello
950 656 994 716 De
1006 656 1088 716 mari
1101 661 1129 716 et
1141 655 1221 716 iuna
1235 682 1249 714 .-

321 809 325 819 ’
343 810 347 819 ’
371 824 551 888 Cucurrunt
564 839 629 884 una
642 821 711 884 vice

371 930 492 992 altante
505 929 685 1008 temporum
700 928 814 1008 gande.

252 1108 313 1167 istc
326 1121 402 1168 vero
416 1102 450 1165 in
464 1103 559 1164 laude
572 1105 734 1166 Matronae
747 1103 858 1166 uxoris
873 1120 950 1165 suae
963 1101 1149 1165 cantatellas
1161 1099 1248 1162 satis
1264 1100 1316 1162 int

212 1207 268 1288 lit,
283 1207 317 1270 in
330 1207 470 1287 quadam
483 1205 527 1268 ita
541 1204 656 1269 infiens
669 1233 677 1268 ι

370 1373 438 1432 Mea
452 1371 611 1451 Matrona,
628 1373 716 1432 tuam
728 1370 902 1450 amplector
915 1386 1046 1450 zonam,

371 1473 464 1537 nohis
478 1473 583 1536 anima
598 1492 663 1536 una
677 1475 788 1536 haeret
801 1491 903 1554 aquae
917 1477 1041 1537 arctum
1055 1477 1065 1553 (
1087 1479 1107 1549 ).

251 1646 328 1710 Mais
343 1646 382 1708 de
396 1647 575 1710 nombreux
589 1651 622 1709 et
635 1646 844 1710 irrecusables
858 1646 1077 1728 temoignages
1091 1664 1173 1709 nous
1194 1663 1316 1726 apprer

211 1756 290 1816 nent
300 1753 376 1834 qu'il
390 1771 432 1816 en
445 1752 573 1816 existuit
586 1770 631 1816 un
646 1754 748 1834 grand
760 1755 913 1835 nombre,
932 1771 1014 1816 nous
1028 1770 1145 1818 savons
1158 1757 1275 1815 meme
1290 1771 1316 1832 pa

213 1879 259 1922 un
276 1876 410 1940 passage
435 1860 499 1922 sort
523 1862 656 1921 curieux
676 1860 716 1921 de
739 1857 838 1940 Bode,
862 1861 988 1940 quoles
1012 1857 1134 1940 poc'sies
1157 1857 1316 1938 populair

213 1964 342 2028 avaient
356 1962 411 2027 des
424 1965 454 2026 le
467 1968 517 2026 Vle
531 1961 625 2026 siecle
638 1982 702 2026 une
718 1965 932 2028 versification
947 1965 1114 2027 differente
1137 1964 1193 2026 des
1219 1967 1316 2027 autre

216 2093 232 2128 n
248 2069 380 2133 Videtur
400 2072 507 2130 autem
529 2070 698 2149 rhythmus
712 2069 821 2132 metris
840 2086 910 2131 essc
929 2066 1123 2148 consimilia,
1147 2084 1233 2148 quae
1260 2069 1316 2143 (lis

215 2176 404 2258 consimilis3
427 2174 495 2256 qui)
515 2178 564 2237 est
584 2175 755 2238 verborum
777 2176 941 2239 modulata
963 2175 1168 2257 compositio,
1188 2194 1262 2238 non
1287 2193 1316 2238 m

216 2280 295 2344 trica
310 2279 434 2343 ratione
447 2279 504 2341 sed
522 2297 656 2342 numero
670 2280 883 2361 syllaborum,
899 2280 939 2342 ad
951 2279 1108 2362 judicium
1119 2277 1252 2342 aurium
1268 2263 1316 2340 ext

216 2384 348 2466 minata,
362 2387 398 2446 ut
412 2386 488 2446 sunt
501 2382 641 2445 carmina
655 2384 836 2462 vulgarium
845 2387 1012 2464 poetarum
1020 2383 1071 2464 (2).
1087 2403 1102 2438 n
1115 2382 1204 2446 saint
1217 2361 1316 2445 Cesaii

216 2489 311 2553 disait
326 2490 404 2552 dans
418 2490 448 2550 la
466 2487 620 2569 premiere
637 2487 747 2550 moitie
761 2487 805 2549 du
818 2491 868 2550 Vl⁰
882 2485 976 2550 siecle
989 2515 996 2548 ι
1011 2510 1026 2545 α
1042 2489 1144 2560 Quam
1157 2485 1257 2548 multi
1273 2503 1315 2546 ru

216 2593 290 2675 tici,
305 2611 401 2674 quam
414 2592 533 2654 multae
547 2590 685 2653 rusticae
694 2590 843 2654 mulieres
856 2591 980 2654 cantica
995 2589 1168 2669 diabolica,
1186 2591 1315 2652 amator

217 2702 249 2760 et
271 2697 392 2778 turpia,
415 2714 471 2759 ore
495 2696 668 2758 decantant
691 2697 753 2774 (3).
777 2718 792 2752 a
816 2700 863 2758 En
886 2703 964 2777 585,
993 2695 1058 2757 lors
1082 2693 1123 2756 de
1146 2693 1315 2756 l’entreet

216 2803 435 2864 Guntchramn
453 2799 471 2862 a
488 2799 618 2862 Orleans
635 2828 642 2860 ι
658 2800 881 2863 «Processit...
904 2799 1078 2864 inobviam
1096 2801 1165 2878 ejus
1186 2798 1315 2860 imment

214 2904 322 2984 populi
344 2905 438 2966 turba
459 2921 531 2966 cum
556 2901 655 2982 signis
676 2906 771 2984 atquc
794 2903 935 2986 vexillis,
958 2906 1109 2966 canentes
1128 2901 1268 2982 laudes(
1291 2907 1311 2976 ).

214 3006 353 3072 Environ
368 3010 442 3070 cent
460 3005 631 3085 cinquante
649 3023 706 3068 ans
721 3004 830 3087 apres,
851 3006 935 3068 saint
949 3005 1098 3068 Bonisacc
1116 3006 1165 3067 fut
1180 3003 1315 3090 obliget

244 3258 273 3313 (1)
287 3256 393 3314 Epiruma
408 3255 457 3310 111,
471 3256 528 3300 dans
542 3256 573 3302 hl.
591 3255 650 3308 Mai,
669 3253 761 3298 Closai-
797 3253 826 3298 dc
835 3252 936 3311 pechio,
947 3265 988 3309 par
1002 3251 1102 3308 i‘eveque
1113 3251 1140 3296 de
1151 3251 1263 3304 Liueoln,
1276 3250 1314 3293 Gr(

216 3322 433 3364 commissariorum
446 3318 595 3374 fragmento,
610 3323 626 3360 t.
640 3317 668 3370 V,
681 3330 702 3373 p.
714 3323 760 3361 1¹2.
797 3322 886 3370 setosis,
896 3328 940 3372 que
948 3315 1032 3359 Rohert
1041 3315 1068 3359 de
1078 3312 1272 3368 Brunuetilobcrt
1280 3312 1314 3356 Ma

217 3383 323 3431 Mahiiiou
332 3395 346 3426 a
356 3381 400 3426 cite
409 3381 465 3424 daus
474 3391 513 3424 son
521 3380 555 3424 De
562 3393 589 3424 re
599 3378 761 3436 diplomatica,
797 3382 865 3435 uyng)
874 3377 910 3433 fit,
923 3390 974 3422 vers
984 3381 1049 3428 ¹4⁰0.
1061 3389 1090 3420 on
1101 3383 1178 3419 trouve
1189 3375 1314 3418 mentionnt

216 3447 231 3490 Ι.
250 3457 287 3500 iv,
307 3458 328 3500 p.
342 3448 399 3499 Μ,
417 3443 472 3487 trois
493 3443 563 3498 lignes
581 3442 647 3484 d’une
662 3442 760 3485 chanson
797 3452 836 3484 ces
849 3441 903 3484 trois
917 3439 986 3496 lignes
999 3438 1065 3483 d’une
1078 3437 1164 3481 rende:

217 3507 384 3565 probahiemeut
395 3517 434 3549 sur
448 3504 610 3559 Charlcmagne
621 3515 627 3545 ε
841 3515 942 3554 equitabat
950 3515 999 3546 aava
1008 3522 1040 3553 per
1049 3513 1121 3552 syram
1130 3509 1240 3542 ransom
1251 3521 1257 3549 ς

328 3579 376 3611 ffb„
388 3577 491 3618 mend„
505 3577 548 3608 urb,
557 3575 638 3616 mu„
840 3559 920 3591 ducebat
929 3569 991 3590 secum
1001 3557 1128 3596 merwynuam
1138 3555 1249 3588 sonnonem.

329 3623 381 3656 sada
391 3623 444 3662 mgna
455 3621 564 3661 ριιῃρίμιι.
572 3643 577 3661 ,
841 3604 890 3644 Quid
899 3608 970 3636 stamus
979 3605 987 3636 2
999 3604 1036 3635 Cur
1045 3611 1083 3634 uon
1093 3601 1156 3632 imus?

351 3666 551 3708 primureaurncufiss·
823 3678 852 3733 (a)
872 3677 904 3720 De
925 3676 1026 3720 mirice
1044 3674 1154 3727 ratium,
1174 3671 1273 3729 Opera,
1290 3681 1314 3720 h:

245 3734 411 3787 L’archeveque
424 3731 451 3775 de
464 3730 614 3785 carrionem,
630 3728 760 3774 Etieuncde
798 3742 840 3784 001,
856 3744 889 3783 41,
943 3749 947 3758 ·

218 3797 330 3852 Langton,
349 3805 437 3864 neusa
454 3793 562 3837 conserve
581 3791 642 3835 aussi

218 3931 257 3964 son
271 3929 421 3963 amoureusc:

329 3993 381 4024 sieut
389 3991 451 4022 rmum
461 3991 509 4022 inter
518 3989 594 4029 spinas,
821 3976 849 4030 (⁴)
859 3974 965 4030 Gregoire
974 3972 1002 4017 dc
1011 3973 1091 4026 Toum,
1103 3969 1213 4014 Historia
1220 3967 1313 4014 ecclesia

329 4038 356 4068 '1⁰
366 4034 601 4068 ²⁰¹¹¹1⁸¹¹²⁰⁸¹⁰t³¹'fl¹³³³·
796 4037 844 4082 tica
862 4036 1025 4089 Francorum,
1043 4035 1059 4078 Ι.
1083 4045 1137 4088 rur,
1153 4045 1176 4089 p.
1193 4038 1249 4088 ³75,
1267 4032 1300 4076 ed.

246 4105 306 4147 Dans
322 4103 342 4146 ia
357 4101 481 4146 traductiou
502 4099 601 4155 anglaise
621 4099 649 4142 du
666 4097 761 4142 Munuei
798 4099 903 4143 Ruinart.
1200 4101 1202 4106 '
