2698 4970
713 423 856 478 —56—

498 541 614 620 incepit
627 542 782 621 castigare

499 664 614 727 corpus
627 665 720 711 suum
733 666 849 711 amare.

459 781 585 840 Festum
596 796 673 858 ergo
683 779 857 860 pontilicis,

455 884 523 960 jam
535 882 645 945 sociati
659 883 810 964 coelicis,
849 911 850 917 ι

460 1005 533 1048 cum
544 989 688 1052 cantibus
700 989 840 1053 mirificis

461 1095 556 1173 atque
569 1094 671 1157 modis
682 1094 840 1174 organicis

461 1187 625 1263 festinetur
637 1200 697 1261 hac
713 1199 850 1279 clericis,

462 1302 488 1363 si
500 1301 636 1364 maxime
650 1301 862 1364 scholasticis!

502 1435 597 1494 Decet
608 1431 711 1511 ipsum
722 1432 842 1511 precari

501 1535 533 1593 ct
546 1535 634 1595 ustra
648 1533 681 1608 (l.
697 1535 780 1595 ultra
790 1538 814 1610 i)
828 1533 992 1614 venerari,
1059 1601 1073 1606 ,,

500 1636 554 1715 qui
568 1638 836 1721 sarantasmum
1128 1632 1133 1640 ⁴

498 1738 566 1816 jam
576 1737 690 1816 damis)
703 1739 843 1804 revocari

504 1839 577 1902 fecit
589 1842 697 1921 eisquc
711 1843 779 1906 dari

505 1944 573 2006 auri
586 1945 715 2024 pondus·
722 1949 873 2034 praeclari
885 1976 893 2031 3

506 2048 551 2111 sic
564 2051 685 2128 patrem
695 2043 851 2116 consolari

506 2153 615 2218 volens
626 2154 658 2214 et
670 2155 845 2231 asservari(
868 2162 888 2233 ).

468 2285 594 2346 Festum
607 2301 683 2365 crgo
694 2286 850 2365 pontificis

465 2390 533 2468 jam
546 2387 656 2452 sociati
667 2389 808 2471 coelicis,

468 2513 543 2558 cum
554 2495 698 2578 cantibus
711 2497 851 2561 mirificis

470 2605 564 2682 atque
580 2603 682 2666 modis
695 2605 851 2685 organicis

471 2705 633 2770 festinetur
646 2708 707 2770 hac
718 2708 853 2791 clericis,

472 2813 498 2875 si
513 2814 649 2878 maxime
662 2816 856 2880 scholasticis
870 2816 879 2878 ἱ

601 2993 700 3055 Chuni
719 2995 768 3056 des
786 2993 946 3068 Pilcrins(
969 2997 990 3068 ).
1042 3070 1045 3080 Ι

515 3146 595 3208 nudi
607 3163 681 3228 noS,
695 3152 763 3210 Rex
775 3147 911 3229 Christ03

514 3250 676 3332 audinus,
696 3251 844 3333 Domine,

473 3359 506 3419 ct
515 3357 598 3423 viam
611 3361 751 3423 nostram
766 3358 882 3438 dirige!

272 3545 301 3603 (ii
314 3541 437 3589 humori
452 3543 528 3589 n'etait
544 3555 584 3600 pas
602 3543 710 3600 deponent
722 3541 777 3586 dans
812 3553 885 3598 panno
895 3542 1015 3588 involutam
1029 3543 1052 3588 in
1063 3544 1153 3590 domum
1166 3547 1185 3601 ej
1190 3557 1217 3591 us
1228 3561 1279 3605 per
1289 3550 1325 3596 len

246 3607 268 3652 la
276 3607 348 3650 bonne
360 3605 451 3660 tatiane,
461 3609 483 3648 et
496 3604 516 3648 la
523 3603 591 3648 verbo
599 3602 686 3647 Facere
697 3603 777 3648 derant
813 3608 871 3647 tram
893 3610 957 3649 nocta
977 3605 1034 3650 clam
1049 3606 1105 3662 jacit
1123 3612 1146 3651 et
1165 3609 1225 3653 olam
1249 3613 1343 3657 recessit

246 3678 278 3712 nn
295 3671 358 3712 autre
373 3665 439 3711 verbo
453 3665 467 3710 a
480 3663 583 3708 l’infinitii
598 3663 667 3720 passii
682 3669 716 3708 ost
736 3663 778 3708 tort
812 3664 920 3722 Leucada
931 3678 1014 3722 coreo,
1028 3668 1176 3725 ch.1n,par.
1191 3675 1218 3725 i,
1232 3684 1260 3728 p.
1274 3680 1317 3729 23,
1333 3676 1336 3684 ’

247 3727 413 3784 remarquab103
427 3737 467 3772 car
482 3737 507 3771 ce
518 3724 551 3769 int
566 3725 623 3768 saint
634 3720 721 3768 Nicoias
731 3724 778 3768 lui·
812 3726 840 3771 de
854 3728 885 3772 iii.
896 3727 985 3772 Grtssc.

248 3791 321 3834 memo
346 3789 384 3844 qui
401 3788 473 3832 donna
495 3786 533 3831 l’or
556 3797 600 3830 aux
618 3786 697 3840 qunes
716 3783 778 3829 filies.
841 3787 869 3844 (Ξ)
884 3788 926 3834 lis.
945 3789 970 3833 B.
993 3790 1020 3835 dc
1041 3790 1166 3848 clermont,
1190 3803 1220 3837 no
1245 3799 1291 3842 189
1311 3795 1346 3852 (xi

249 3851 313 3895 Tunc
323 3849 414 3906 quidam
425 3849 587 3894 nontermincus
601 3857 663 3901 suus,
676 3846 730 3890 satis
743 3858 780 3890 nc
816 3849 901 3904 siecle).
922 3849 964 3896 Ges
982 3851 1061 3897 chants
1078 3853 1116 3898 ales
1135 3853 1232 3909 pelorins
1256 3858 1327 3902 derai

248 3911 312 3966 hilis,
325 3916 369 3954 tres
378 3909 433 3955 tilias
442 3910 537 3966 virgines
549 3908 577 3953 ob
591 3907 688 3964 inopiam
698 3907 781 3962 prosti-
817 3912 863 3954 etro
874 3921 936 3954 assez
946 3911 1081 3968 nemineum
1096 3925 1173 3958 caron
1184 3915 1210 3959 lit
1217 3915 1286 3962 (lans
1297 3921 1317 3963 ia
1325 3919 1346 3962 l*

249 3977 312 4017 tuere
331 3971 423 4028 cogitur,
441 3977 466 4016 ut
479 3971 511 4016 sic
522 3969 599 4014 infami
615 3981 691 4014 eorum
705 3969 727 4025 (l.
741 3981 782 4014 ca·
816 3971 846 4014 du
863 3970 1014 4015 hienhcureux
1028 3971 1143 4026 Almana,
1157 3975 1252 4030 eaeque
1272 3980 1303 4024 dc
1317 3981 1332 4022 P

249 4034 309 4088 rum)
319 4033 450 4078 commercio
459 4032 560 4078 aleretur.
569 4031 632 4089 Quod
642 4030 680 4075 ubi
688 4030 782 4076 Sanctus
817 4032 885 4086 douo,
908 4032 946 4087 qui
967 4038 1056 4077 mourut
1076 4045 1104 4078 cn
1126 4039 1201 4080 1091:
1220 4037 1298 4085 luter

249 4093 364 4150 comperit,
378 4094 450 4139 scelus
463 4094 576 4140 abhorruit
589 4097 612 4138 et
624 4105 721 4138 massam
734 4093 781 4138 auri
817 4094 929 4150 praecipui
937 4092 982 4140 duc
992 4095 1092 4141 canonici
1100 4097 1248 4155 exstiterunt,
1258 4102 1327 4147 videti
