2676 4968
697 425 861 490 ..502-

319 563 407 622 Tune
419 553 575 638 quidquid
585 555 766 620 Machoures
779 557 937 620 secretum
949 557 1076 622 dixerat
1088 557 1135 622 ilii

356 665 423 747 ipsa
437 665 558 730 revelat
570 663 638 746 eis,
658 661 771 727 ordine
783 677 929 745 quaeque
942 681 1012 728 sue

315 776 430 838 Omnes
441 772 611 854 mirantur,
627 785 739 835 ornnes
752 771 837 834 hane
847 787 920 834 esse
931 769 1059 835 beatarn

356 878 481 960 dicunt,
496 877 585 960 quud
597 880 689 942 tanto
701 877 747 942 sit
756 878 877 942 sociata
891 877 975 943 viro.
1022 929 1025 934 .

314 1011 417 1076 Finito
431 1014 532 1094 feste,
546 1011 682 1076 redeunt
695 1008 738 1074 ad
750 1009 1008 1093 propriaquiqne

354 1119 450 1199 atque
463 1117 549 1181 domi
562 1118 708 1182 referunt
720 1117 806 1181 dieta
819 1117 870 1182 rel
884 1121 956 1180 aeta
970 1115 1067 1199 teris3

314 1227 454 1305 Cumque
467 1227 640 1289 referretur
653 1223 857 1306 quorundam
870 1223 1007 1305 plurima
1020 1222 1142 1306 virtus,

353 1330 509 1396 virtutum
521 1329 828 1394 Maenomismentie
837 1331 1034 1411 majorerat3

313 1443 377 1502 Nee
390 1442 497 1501 tamen
510 1439 595 1501 ullus
608 1437 714 1501 adhue
728 1451 899 1519 procerum
908 1439 1031 1500 secreta
1045 1435 1166 1499 sciebat

353 1563 436 1627 quae
450 1544 640 1609 dominabus
655 1547 747 1608 erant
758 1543 880 1608 eredita
892 1544 932 1606 de
944 1543 1119 1608 iiaeneme.

313 1655 400 1729 Quae
413 1652 488 1716 iicet
499 1651 625 1716 iliartun
640 1649 714 1716 fidei
728 1651 882 1716 mandata
895 1651 1052 1734 tuissent,

352 1777 418 1823 una
431 1761 526 1824 noete
538 1763 646 1824 tamen
661 1775 728 1823 non
741 1759 872 1823 tacuere
884 1757 961 1824 viris
977 1785 985 1821 ι

312 1865 438 1931 Scilicet
448 1866 573 1930 areanis
583 1865 781 1930 Machomenr
795 1865 986 1930 coelestibus
1000 1864 1068 1946 uti,
1198 1895 1199 1898 ¹

352 1974 385 2034 et
398 1974 532 2036 ventura
545 1972 633 2052 prius
646 1987 783 2035 noscere
794 1989 891 2054 quarn
904 1970 1056 2052 veniant3

311 2077 404 2154 Quod
416 2078 470 2141 lex
482 2097 502 2141 a
514 2078 640 2142 Christo
655 2079 732 2142 data
746 2076 827 2143 dura
840 2078 952 2160 nimis,
965 2077 1162 2142 moderanda

351 2201 408 2265 per
419 2187 635 2268 Machomem,
650 2185 786 2250 Domino
798 2185 1021 2268 praecipiente,
1037 2180 1137 2267 turet3

311 2293 470 2374 Multaque
483 2297 648 2374 praeterea
661 2307 745 2375 quae
757 2309 853 2375 supra
868 2292 1023 2375 diximus,
1039 2295 1096 2356 aut
1106 2305 1190 2373 quae
1201 2293 1242 2372 (1)

351 2403 427 2463 sunt
440 2400 614 2480 retegenda
629 2417 688 2463 suo
702 2403 848 2480 tempore
862 2397 929 2464 sive
941 2399 1024 2462 loeo.

310 2505 465 2570 Mirantur
474 2523 623 2587 proceres
634 2523 729 2587 super
740 2503 812 2588 his,
828 2521 1002 2588 seuumque
1014 2506 1183 2571 revolvunt

352 2612 507 2693 quidnam
520 2612 660 2694 portenti
674 2611 751 2675 talia
763 2611 957 2692 significent.

183 2745 186 2754 ·
313 2716 349 2780 ni
364 2717 512 2781 dubitant
523 2716 592 2781 fieri
606 2717 655 2780 tot
667 2721 822 2799 tantaque
831 2735 888 2799 per
902 2719 1155 2800 Maehumetem3

204 2827 223 2900 J
354 2823 387 2886 hi
402 2823 547 2887 dubitare
560 2825 675 2904 putant
687 2824 728 2886 de
740 2825 938 2888 Machamete
952 2824 1054 2887 netas.

314 2931 410 3009 Nam,
425 2928 503 2992 dum
515 2927 689 3009 respiciunt
701 2929 836 2993 virtutes
851 2927 1044 3011 anteriores,

356 3038 517 3115 coguntur
529 3054 586 3116 per
597 3053 651 3100 eas
664 3036 714 3099 his
727 3053 857 3117 quoque
870 3037 953 3098 ferre
967 3034 1084 3116 fidem3

315 3141 360 3204 Ne
372 3156 448 3206 vero
460 3141 629 3224 quisquam
641 3145 821 3205 remaneret
831 3140 990 3223 pendulus
1003 3142 1109 3222 ultra,

357 3250 398 3312 de
411 3267 446 3313 se
459 3249 604 3314 dicturus
617 3249 669 3312 ille
683 3252 819 3314 vocatus
831 3249 933 3312 adest.

316 3356 483 3437 Exeipiens
493 3355 584 3420 illum
595 3373 721 3420 summo
734 3355 913 3422 conventus
926 3353 1050 3419 honore

356 3463 477 3542 surgit,
492 3463 524 3524 et
537 3461 686 3542 inprime
700 3461 756 3524 dat
764 3457 904 3524 residere
915 3461 998 3526 loco.

317 3573 405 3632 Tune
418 3571 598 3632 Machames
610 3585 740 3632 eausam
754 3571 932 3631 conventus
947 3567 1090 3650 quaerit,
1105 3571 1139 3630 et
1151 3583 1232 3631 unus
1326 3579 1327 3614 1

355 3691 451 3756 quem
464 3674 710 3738 commendabat
722 3673 1160 3756 lingua‚genus‚pruhitas‚
1326 3667 1327 3678 ’

316 3783 444 3863 cygnea
457 3782 590 3846 canities
606 3782 690 3863 (quis
704 3781 788 3844 enirn
801 3783 1020 3863 praesumeret
1033 3781 1126 3863 alter,

358 3891 415 3949 aut
428 3888 523 3951 sciret
534 3891 626 3951 tanto
640 3887 773 3952 reddere
784 3887 881 3952 verba
895 3885 1015 3969 virui),

251 4107 278 4162 (t)
293 4105 365 4164 Atque
378 4106 433 4150 dans
447 4105 475 4149 B.
