2662 4968
483 399 524 409 —
537 371 592 428 157
605 401 643 411 —

145 494 235 542 versa
249 477 344 541 estin
358 476 503 540 habitum
517 479 633 560 cupido
647 482 796 561 tenendi;

143 586 284 663 tempore
294 582 394 648 crevit
403 601 493 646 amor
501 584 557 664 qui
568 591 864 654 nunccstsummus
875 592 1023 658 habendi.

144 715 256 778 Studet
268 715 394 794 praesul
406 714 526 798 pretiis,
542 718 575 778 et
586 717 769 782 archilevita

143 821 221 885 vivit
234 819 413 903 solitarius,
428 825 543 885 coenat
556 824 711 888 heremita
724 828 767 902 (1)
778 853 787 908 3

142 931 344 991 morerentur
355 927 479 991 utinam
490 927 522 990 hi
535 931 590 1009 qui
603 929 714 995 vivunt
725 936 766 1009 (2)
780 932 842 996 ita!

141 1035 260 1098 Felices
271 1036 392 1098 obeunt
404 1053 541 1116 quorum
553 1035 621 1098 sinc
633 1035 764 1101 crimine
777 1038 852 1102 vita.

141 1169 193 1233 llis
207 1170 348 1232 decanus
365 1169 451 1252 fieri,
467 1171 610 1252 praesul,
625 1173 828 1252 patriarcha?

138 1275 209 1340 auri
222 1277 322 1339 multa
334 1276 391 1339 tibi
404 1280 448 1352 (3)
459 1276 500 1340 sit
512 1279 562 1341 vel
577 1280 699 1360 argenti
712 1299 820 1345 marca
835 1309 843 1363 3

142 1385 269 1446 tantum
280 1383 376 1446 habet
388 1383 480 1465 fidei,
495 1387 576 1447 teste
587 1403 684 1451 manu
695 1405 808 1469 parca,

139 1492 296 1570 quantum
309 1488 444 1569 quisque
458 1507 516 1553 sua
529 1509 734 1553 nummorum
748 1495 853 1556 servat
866 1493 899 1556 in
912 1513 998 1558 arca.

141 1629 178 1687 ln
189 1641 254 1703 quo
267 1623 379 1686 mundi
393 1623 534 1705 climate,
547 1625 607 1686 sub
619 1642 684 1705 quo
696 1624 775 1688 coeli
788 1626 831 1704 (l)
848 1627 940 1707 signo

141 1729 191 1788 est
203 1727 301 1790 abbas
313 1729 369 1790 aut
379 1728 542 1810 pontifex,
557 1731 685 1808 pectore
697 1730 836 1810 benigno

142 1833 259 1913 dignus
271 1833 385 1897 Christi
400 1833 535 1916 nuptiis,
550 1833 667 1914 dignus
678 1834 762 1897 vitae
775 1835 886 1915 ligno?

141 1945 223 2003 Rara
237 1939 304 2004 avis
318 1940 351 2003 in
366 1939 458 2003 terris
470 1940 626 2022 nigroque
638 1941 794 2005 simillima
807 1961 923 2025 cygno.

140 2078 181 2139 ut
192 2074 319 2138 ludaeis
331 2074 406 2137 odic
418 2077 494 2138 sunl
504 2092 617 2137 carnes
630 2074 757 2157 suillae,

140 2179 188 2243 sie
199 2179 232 2242 in
243 2179 293 2242 his
304 2179 465 2243 extinctae
478 2183 554 2243 sunt
567 2179 721 2244 virtutum
734 2182 910 2266 scintillae,

140 2284 195 2349 hic
207 2289 299 2350 vacat
311 2285 452 2366 libidini,
467 2302 599 2348 nummo
611 2289 656 2360 (5)
669 2287 766 2350 servit
775 2287 846 2368 ille,

139 2392 260 2456 credite
269 2410 355 2456 nunc
368 2390 458 2456 vobis
472 2389 582 2455 folium
593 2395 637 2467 (6)
648 2391 782 2455 recitare
796 2391 940 2474 Sibyllae.

139 2530 255 2591 Omnes
267 2525 399 2592 avaritia
412 2524 573 2589 mentibus
586 2524 715 2588 imbutis

138 2633 174 2696 in
188 2650 318 2697 nummo
332 2630 532 2696 constituunt
545 2650 633 2714 spem
647 2649 724 2696 suae
737 2636 849 2698 salutis
861 2685 869 2717 ,

138 2741 255 2803 nolunt
264 2744 308 2817 (7)
322 2739 383 2804 dici
397 2737 521 2819 prodigi
534 2740 629 2801 rebus
646 2739 808 2804 dissolutis
821 2791 829 2824 ,

137 2846 219 2910 fallit
231 2865 287 2911 eos
300 2850 344 2924 (8)
357 2845 470 2909 vitium
481 2845 585 2927 specie
596 2846 732 2909 virtutis

138 2986 164 3044 Α
177 2981 325 3062 praelatis
339 2981 485 3044 defluunt
497 2980 647 3044 vitiorum
661 2981 740 3063 rivi,

135 3089 172 3150 et
184 3089 291 3149 tamen
304 3085 495 3167 pauperibus
509 3085 691 3148 irascuntur
705 3087 789 3170 divi,

104 3221 106 3224 ·
135 3192 287 3271 impletur
299 3190 474 3254 versiculus
488 3189 571 3252 illius
581 3193 627 3265 (9)
639 3191 747 3256 lascivi
762 3222 770 3256 =

134 3296 294 3378 quidquid
308 3296 444 3360 delirant
455 3313 563 3377 reges,
576 3296 759 3375 plectuntur
771 3300 891 3364 Achivi.

134 3430 342 3496 Parrccbiam
354 3428 514 3493 contrahit
527 3431 598 3510 lege
609 3431 802 3496 matrimonii

133 3537 288 3600 sacerdos
301 3554 320 3598 a
334 3536 496 3616 praesule,
511 3535 539 3597 si
550 3535 671 3598 nummi
686 3536 750 3600 sint
763 3540 857 3603 medii
873 3567 881 3621 3

21 3729 47 3782 (1)
62 3729 89 3772 Ρ.
103 3730 162 3772 155:
604 3725 632 3780 (5)
647 3726 672 3770 P.
686 3731 740 3781 1553
755 3729 829 3784 gulae.

55 3801 93 3833 Nec
102 3799 174 3832 melior
182 3797 267 3838 pontifex
278 3805 333 3838 quam
343 3796 461 3837 archilevita,
604 3797 632 3854 (6)
647 3797 683 3842 Me
697 3797 772 3842 folium
782 3800 854 3843 vobis,

54 3846 123 3878 virens
133 3842 242 3884 musanus,
252 3843 318 3874 coenat
326 3840 421 3873 heremita.
602 3868 630 3922 Π)
645 3867 672 3911 Ρ.
683 3873 720 3912 161
730 3883 737 3923 ;
749 3869 835 3914 vohun.

17 3904 42 3956 le)
58 3903 175 3947 Coenam.
602 3939 631 3994 (8)
645 3938 722 3983 Enim,

17 3975 46 4098 pil)
58 3973 87 4087 ξ·
99 3974 157 4097 155ἓέ
173 3968 292 4085 ffiffilu·
602 4011 631 4066 (9)
645 4011 671 4054 P.
685 4014 739 4064 15⁴3
754 4011 787 4055 sie
800 4010 904 4064 impletur
917 4011 998 4058 iterum
1010 4028 1052 4060 vox
1067 4016 1112 4062 illa.
