2662 4968
477 371 642 428 -165-

99 492 177 554 dum
188 495 313 555 sectant
325 511 398 556 cum
412 498 548 576 Symonc
560 499 670 561 Elisaei
685 515 828 580 servum,
864 531 868 548 ·

99 600 244 662 relaxant
254 599 396 680 justitiae
408 603 458 666 vel
470 603 655 685 dirumpunt
668 623 812 669 nervum.

97 754 165 814 Non
177 752 322 832 splendet
332 753 493 818 humilitas
506 756 594 819 collis
607 758 836 840 praelatorum,

97 858 154 921 sed
164 861 299 939 superbe
310 863 475 944 satagunt,
493 867 679 927 nontamen
690 865 850 929 minorum

95 965 154 1028 sibi
168 967 252 1029 flecti
264 969 363 1047 janua
376 970 408 1048 (l.
421 973 552 1051 genua),
568 970 625 1033 scd
636 971 850 1053 superiorum,

94 1089 169 1134 cum
182 1077 265 1136 Deus
275 1074 420 1137 humiliet
432 1077 464 1154 (l.
477 1075 623 1139 humiliat
631 1079 655 1154 l)
667 1079 748 1140 colla
761 1078 981 1158 superborum.

95 1225 250 1289 Praelecit
261 1225 420 1290 Ecclesiae
431 1226 572 1290 Christus
589 1227 796 1310 piscatorem,

94 1335 130 1393 ut
143 1333 276 1395 haberet
286 1332 438 1395 humilem
450 1350 506 1420 per
520 1335 622 1397 saecla
636 1339 813 1417 pastorem,

93 1455 180 1500 nunc
190 1455 266 1502 vero
278 1456 344 1500 non
357 1437 479 1518 eligunt
491 1442 584 1503 Petro
598 1457 829 1524 successorem,

92 1543 301 1607 Constantino
313 1543 446 1608 similem
457 1544 514 1608 sed
525 1550 683 1625 quaerunt
696 1551 862 1611 rectorem.

90 1696 175 1758 Bella
187 1695 341 1776 miscent,
357 1695 478 1776 peritus
493 1700 535 1775 (l)
549 1700 582 1760 et
594 1696 797 1760 seductiones
806 1699 841 1774 (l.
854 1697 1026 1761 seditiones
1036 1698 1058 1770 l)

90 1803 174 1865 intra
186 1803 327 1884 plebem,
344 1802 476 1884 milites,
491 1819 583 1882 reges
597 1806 630 1866 et
641 1804 798 1885 barones,
867 1812 873 1825 ’

91 1910 179 1972 unde
196 1909 278 1972 liunt
290 1909 387 1972 hodie
400 1912 449 1972 tot
461 1909 645 1972 occasiones

92 2016 180 2096 quod
194 2016 260 2078 fere
273 2033 308 2078 se
318 2015 478 2096 perimunt
487 2033 600 2078 omnes
612 2017 767 2080 nationes.

91 2173 239 2247 Regnum
250 2185 385 2247 regnum
400 2167 568 2230 destruunt
577 2169 610 2248 (l.
622 2167 767 2246 destruit)
777 2171 810 2231 et
821 2185 899 2248 gons
911 2170 1014 2249 perdit
1026 2187 1109 2250 gen-

91 2274 183 2339 dives
196 2277 316 2337 mactat
329 2291 500 2355 pauperem
512 2277 544 2336 et
554 2292 674 2355 pauper
685 2277 849 2354 potentem
862 2300 871 2356 3
1010 2279 1106 2358 [tem3

91 2383 184 2461 pater
196 2381 293 2443 tradit
305 2381 406 2444 lilium
418 2383 450 2442 et
463 2378 530 2460 ipse
544 2384 728 2461 parentem,

90 2503 154 2549 nec
168 2487 297 2548 tratrem
308 2484 449 2551 invenies
462 2487 593 2548 tratrem
607 2485 801 2566 diligentem.

91 2639 202 2698 Partes
215 2635 326 2698 mundi
339 2639 477 2716 quatuor
489 2655 575 2699 nunc
589 2653 703 2716 guerra
716 2635 844 2699 lacescit
856 2663 864 2718 ς

90 2761 155 2806 nec
169 2761 273 2825 marc,
288 2762 347 2806 nec
361 2743 507 2825 llumina,
523 2762 582 2807 nec
597 2745 680 2806 terra
693 2742 860 2824 quiescit,

89 2851 199 2915 omnis
212 2853 308 2915 homo
322 2851 469 2915 fulminat
482 2855 514 2914 et
527 2869 614 2913 arma
628 2850 783 2932 capescit,

89 2961 123 3020 ct
136 2956 235 3037 pestis
249 2956 467 3037 discordia(e?)
479 2959 546 3020 tota
561 2956 612 3018 die
625 2957 750 3020 crescit.

90 3111 195 3172 Notus
207 3111 314 3186 (Totus
323 3109 347 3186 l)
360 3108 456 3171 estin
469 3106 619 3171 caedibus
632 3107 720 3170 orbis
731 3107 911 3191 involutus,

90 3218 125 3278 et
138 3214 304 3278 hincinde
322 3214 445 3295 gladius
456 3214 602 3279 versatur
615 3217 748 3295 acutus,

90 3325 142 3384 est
152 3322 292 3386 vasallus
307 3320 426 3385 domini
440 3337 553 3384 cruore
565 3320 723 3401 pollutus,

91 3447 153 3492 nec
167 3429 284 3510 hospes
295 3429 335 3492 ab
349 3427 472 3509 hospite
487 3428 592 3507 potest
605 3443 674 3488 esse
687 3427 786 3490 tutus.

89 3581 115 3640 ll
128 3576 280 3658 praelatis
293 3575 399 3639 omnia
413 3577 492 3638 haec
505 3577 612 3637 ortum
622 3574 810 3656 traxerunt,

89 3685 149 3747 sed
162 3683 248 3762 ipsos
260 3683 399 3764 pericula
413 3677 478 3745 non
491 3679 792 3761 praetermiserunt:

23 3905 49 3961 (ll
64 3906 202 3950 Peut-etra
217 3915 243 3948 00
255 3909 301 3950 mot
314 3904 352 3960 qui
366 3916 463 3960 maraque
480 3903 536 3950 daus
569 3909 629 3955 ritto
640 3911 667 3956 da
675 3911 697 3956 la
706 3877 884 3966 basse-latialtt;
899 3924 968 3970 voyua
981 3913 1012 3959 du
1023 3913 1108 3974 Gange,

14 3977 45 4011 rus
57 3968 88 4012 les
102 3968 237 4025 plumatios,
249 3967 310 4011 est-il
319 3967 395 4011 derivo
410 3967 438 4012 de
448 3966 536 4011 Perire
571 3977 587 4018 t.
597 3974 625 4026 v,
639 3987 663 4030 p.
677 3978 726 4028 207,
738 3973 782 4018 ool.
796 3978 816 4018 t.

14 4030 97 4074 ta-t-il
112 4029 134 4074 la
152 4031 226 4074 memo
239 4027 386 4084 signification
400 4039 444 4083 quc
458 4028 478 4072 lo
489 4027 535 4072 Pc-
