2662 4968
702 454 861 509 —llo-

502 578 568 638 Vlla
583 578 709 658 mundi,
726 582 794 642 Vita
809 580 891 642 lollis
904 582 959 658 (l),

500 681 568 741 l'ita
582 681 652 743 vilis
665 685 761 762 atque
773 682 895 760 mollis,

500 803 573 847 cum
588 789 622 849 tu
636 787 680 850 sis
693 787 777 850 iners
790 791 823 849 et
835 788 937 868 radis,

500 893 639 953 mentem
652 909 756 956 meam
770 910 828 957 eur
841 892 986 956 deludis?

499 1041 567 1103 Vita
581 1042 708 1120 mundi,
721 1060 772 1105 res
785 1041 967 1124 immunda⁷

499 1145 574 1208 solis
586 1145 689 1226 impiis
699 1148 859 1228 jocunda,

499 1250 727 1314 nutrimentum
741 1251 909 1332 vitiorum,

498 1355 577 1433 quid
590 1357 688 1418 habes
699 1357 731 1418 in
743 1373 794 1418 me
808 1357 959 1421 decorum
972 1363 984 1419 l

499 1505 568 1567 Vita
582 1506 711 1587 mundi,
727 1524 778 1570 res
791 1507 929 1588 lasciva,

501 1613 615 1692 hebes,
631 1630 725 1675 caeca
739 1617 771 1674 et
782 1613 924 1693 captiva,

500 1715 719 1780 immunditiae
731 1719 843 1796 lagena
854 1766 862 1798 ,

499 1841 597 1902 qnare
612 1824 748 1886 crederis
762 1842 895 1886 amoena
907 1829 918 1885 l

499 1971 568 2032 Vita
582 1971 705 2051 mundi,
719 1989 769 2033 res
782 1972 930 2049 molesta,

501 2075 569 2136 Vita
584 2076 684 2155 turpis
697 2079 730 2138 et
742 2075 863 2137 incesta
876 2122 884 2154 ‚

416 2193 426 2268 J
498 2199 574 2242 eum
587 2181 630 2242 sis
641 2181 734 2243 nimis
746 2180 954 2260 in(l1)0nesta‚

500 2283 577 2364 quid
589 2300 641 2346 me
654 2285 775 2365 appetis
789 2285 924 2346 infesta?

499 2431 567 2500 Vita
582 2434 712 2514 mundi,
728 2451 779 2496 res
791 2433 956 2512 mendica,

498 2536 656 2615 impotens
669 2540 701 2598 et
713 2535 889 2616 impudica,

498 2659 571 2703 cum
585 2641 628 2703 sis
640 2640 733 2704 bonis
745 2641 891 2720 inimica,

494 2765 555 2808 eur
568 2765 620 2809 me
633 2746 712 2826 petit
724 2748 757 2820 (l.
768 2746 860 2826 petis)
872 2749 909 2808 ut
921 2746 1043 2808 amica?

496 2899 566 2964 Vita
579 2899 702 2979 mundi,
717 2916 768 2960 res
782 2915 907 2978 amara,

496 3003 564 3064 Vita
576 3001 680 3067 brevis
691 3006 787 3081 atque
798 3019 868 3063 rara
880 3050 887 3082 ‚

496 3125 570 3169 eum
583 3106 626 3169 sis
638 3109 705 3169 tota
718 3109 810 3186 plena
826 3106 899 3168 dolo
912 3157 920 3187 ,

495 3229 553 3274 eur
567 3212 600 3274 in
614 3216 646 3274 te
659 3213 764 3277 vivere
776 3211 869 3273 volo?

494 3362 564 3423 Vita
578 3361 706 3441 mundi,
720 3361 790 3423 Vita
804 3361 888 3422 mala

496 3472 528 3530 et
541 3469 575 3528 in
589 3466 705 3529 hermis
718 3469 761 3544 (a)
773 3484 867 3547 saepe
879 3465 955 3546 sita,

496 3589 570 3636 cum
584 3576 620 3634 tu
633 3588 757 3650 semper
769 3569 932 3651 moriana,

496 3677 574 3759 quid
584 3679 618 3741 in
631 3695 682 3740 me
697 3679 782 3740 stare
795 3675 942 3742 conaris?

1325 3853 1326 3877 l

249 3898 279 3952 (l)
290 3897 347 3943 G’est
355 3898 374 3944 le
381 3898 478 3953 callique
487 3893 535 3947 mi,
546 3894 585 3951 qui
592 3894 645 3938 s'est
654 3902 761 3936 conserve
798 3902 834 3934 me
853 3889 921 3934 verbe
941 3889 1025 3932 rustico
1046 3887 1172 3944 appellasti.
1200 3893 1266 3938 Nous
1285 3903 1325 3938 m

222 3959 373 4015 entremenis,
388 3971 444 4004 avec
462 3971 506 4002 une
521 3956 663 4001 terminalsen
679 3954 760 4007 latine;
798 3951 847 4006 (le'ja
869 3963 913 4001 vu,
934 3961 957 4004 p.
976 3953 1014 4001 8¹1,
1030 3947 1111 4004 soliis,
1130 3950 1171 4006 qui
1194 3965 1210 3998 a
1231 3955 1255 3998 le
1284 3961 1325 4004 mli

223 4033 252 4064 on
263 4021 288 4064 lit
299 4021 355 4066 (lans
368 4013 467 4077 l’lipllre
478 4032 504 4063 ιιι
520 4019 548 4063 (le
557 4017 689 4070 willelmus,
705 4014 762 4059 abbe
797 4011 889 4057 radical.
1161 4011 1163 4017 “
1324 4017 1325 4020 ’

224 4083 251 4128 tle
262 4083 339 4128 Meta:
354 4083 475 4128 Praetereo
485 4083 556 4126 mines
567 4086 632 4133 luas,
647 4084 763 4135 praetereo
825 4076 853 4130 (a)
879 4073 961 4117 lenes
979 4071 1094 4126 desertes3
1114 4084 1143 4115 en
1168 4075 1257 4131 simple
1279 4059 1325 4159 pipp

221 4144 283 4199 quod
302 4145 323 4188 ln
342 4145 390 4201 ipsa
406 4144 525 4189 testivitate
539 4144 565 4189 B.
577 4141 672 4195 llemlgll
683 4137 763 4196 sellem
800 4142 821 4179 el
834 4136 874 4191 qul
887 4138 981 4178 souvent
991 4143 1018 4177 na
1031 4139 1136 4189 repperla
1150 4135 1212 4181 nien.
