2676 4968
689 415 854 472 -382—

310 540 485 621 anthiopas
499 539 614 620 igitur,
635 543 748 604 Persas
759 539 918 622 indosque
929 545 1089 624 petentes,

351 664 473 710 merces
486 646 658 710 mutandas
671 647 830 710 mercibus
844 647 1028 712 instituunt.

312 759 381 818 Non
394 754 439 818 sic
452 754 494 816 ad
507 757 618 818 votum
631 753 836 818 machometis
850 759 989 820 cesserat
1002 773 1163 838 unquam,

353 879 411 924 nec
425 863 552 924 tantum
566 861 696 925 donnino
708 862 859 942 proderat
871 867 946 926 ante
960 881 1020 928 suo
1035 891 1042 926 a

312 971 391 1030 Nam
403 967 545 1051 rediens,
561 967 730 1032 commissa
741 969 800 1032 sibi
814 969 974 1051 duplicata
988 971 1151 1051 reportat,

353 1075 528 1155 quaedam,
543 1076 645 1138 multa
658 1075 761 1156 magis
773 1093 871 1157 quam
885 1076 1042 1158 triplicata
1054 1077 1163 1140 refert.

314 1205 405 1283 0(h)!
420 1205 601 1272 divinorum
614 1211 775 1273 scrutator
784 1209 980 1290 judiciorum

353 1313 425 1395 quis
435 1319 533 1396 queat
547 1321 638 1380 csse?
654 1315 741 1380 Malis
752 1317 824 1397 plus
839 1335 897 1381 sua
908 1321 984 1383 vota
998 1317 1117 1382 tavent.

314 1422 377 1486 Sed
387 1421 414 1486 si
429 1423 595 1486 credamus
606 1423 721 1488 rationi
736 1405 1006 1506 christicolarum,

354 1548 451 1610 quam
464 1548 554 1594 sacra
565 1533 618 1594 lex
631 1531 754 1614 firmat,
770 1551 867 1613 quam
879 1537 967 1597 tenet
977 1534 1060 1596 alma
1072 1533 1173 1611 fidae,

315 1635 472 1700 Retribuit
483 1641 566 1700 Deus
580 1639 640 1701 ista
654 1639 745 1702 malis
758 1643 887 1721 propter
900 1641 985 1704 bona
999 1641 1175 1721 quaedam,

355 1757 438 1822 quae
450 1743 644 1824 quandoque
657 1745 749 1825 mali,
764 1761 862 1825 parva
875 1745 968 1827 licet,
985 1744 1118 1808 faciunt.

316 1853 453 1914 Econtra
467 1869 562 1915 nemo
574 1855 641 1914 tam
656 1855 767 1915 sancte
780 1850 858 1916 vivit
871 1853 913 1916 ad
928 1869 1045 1930 unum,

356 1956 435 2038 quin
450 1957 622 2038 aliquando
636 1976 754 2040 manu,
769 1963 876 2022 mente
889 1959 940 2023 vel
953 1974 1009 2021 ore
1024 1956 1127 2020 cadat.

317 2063 373 2126 Hic
385 2063 483 2144 igitur
495 2063 651 2144 premitur
662 2067 699 2128 ut
713 2067 745 2128 et
758 2064 811 2128 hic
824 2065 964 2146 deponat
975 2081 1139 2127 amurcam

356 2188 454 2252 quam
468 2171 508 2233 de
521 2175 654 2251 peccato
669 2172 830 2235 contrahit
843 2173 919 2235 exul
933 2173 1041 2234 homo.

319 2275 368 2340 Sic
380 2277 453 2358 lob,
469 2277 515 2341 sic
528 2278 707 2341 Machomes
723 2279 837 2356 (bonus
848 2277 919 2356 hic,
934 2278 1037 2339 malus
1051 2277 1116 2352 ille)
1130 2279 1269 2356 fuerunt,

356 2402 444 2447 nunc
457 2383 555 2447 habet
567 2385 620 2449 hio
634 2383 795 2468 requiem,
809 2383 946 2447 sustinet
959 2381 1011 2445 ille
1024 2401 1174 2446 crucem:

317 2488 432 2552 Taliter
442 2489 636 2573 AntiochuS,
652 2489 833 2555 Machabaei
847 2489 971 2570 taliter,
986 2489 1020 2552 hi
1033 2507 1121 2552 nunc

358 2595 465 2658 felices
477 2597 634 2678 gaudent,
649 2614 736 2660 nunc
750 2595 847 2659 miser
862 2595 915 2658 ille
930 2595 1027 2658 dolet.

316 2705 482 2766 Pressuras
494 2705 601 2768 Sancti
613 2702 659 2768 sic
672 2721 783 2767 omnes
796 2721 898 2784 paene
908 2703 1070 2783 tulerunt,

358 2810 395 2870 ut
408 2809 498 2873 dolor
512 2810 573 2873 iste
585 2811 691 2875 brevis
703 2810 821 2890 gaudia
833 2811 928 2890 plena
941 2809 1042 2871 daret.

318 2928 387 2986 Jam
400 2938 467 2985 non
479 2918 635 3000 turberis,
649 2917 783 2981 Domino
797 2916 824 2980 si
835 2916 961 2997 J'udice,
977 2913 1074 2997 justis

358 3027 410 3090 hic
423 3028 507 3091 mala
518 3023 725 3106 proveniunt,
739 3023 789 3087 vel
799 3025 885 3086 bona
899 3039 993 3103 saepe
1006 3021 1109 3084 malis.

319 3132 428 3201 Divitis
441 3135 510 3198 esto
522 3149 645 3195 memor
656 3149 752 3212 quem
765 3135 902 3193 Lazarus
918 3129 970 3192 ille
983 3129 1136 3210 rogabat,

358 3243 452 3323 cujus
465 3240 607 3320 lingebat
620 3241 728 3302 ulcera
745 3238 856 3318 lingua
868 3253 986 3301 canum
1000 3266 1008 3299 ι

319 3351 412 3414 Dives
425 3348 620 3412 inhumanus
631 3345 728 3407 modo
743 3345 956 3406 tormentatur
969 3342 1002 3404 in
1016 3341 1107 3423 igne,

360 3474 446 3520 nunc
460 3455 605 3518 Abrahae
617 3452 737 3532 gaudet
751 3455 888 3514 Lazarus
901 3449 935 3512 in
947 3449 1081 3528 gremio.

320 3564 370 3628 Sic
383 3569 481 3641 Nero,
497 3560 542 3624 sic
555 3559 686 3640 Decius,
700 3557 869 3638 Datianus,
884 3553 1095 3619 Maximianus

359 3668 543 3750 presserunt
556 3664 669 3728 Christi
684 3667 826 3744 tempore
839 3662 982 3725 membra
994 3680 1054 3726 sno
1068 3711 1076 3744 ,

320 3781 359 3839 nt
372 3778 469 3856 caput
480 3774 622 3854 ipsorum
634 3770 806 3843 (Christum
817 3770 944 3849 loquor)
957 3768 990 3831 in
1003 3785 1098 3832 cruce
1112 3767 1200 3830 misit

361 3899 441 3964 gens
452 3879 504 3944 oui
517 3879 692 3959 promissus
706 3880 738 3940 et
751 3877 803 3940 cui
817 3875 933 3938 missus
944 3879 1024 3938 erat.

320 3993 375 4054 Ille
387 3989 578 4070 resurrexit,
596 3984 758 4067 ascendit,
775 3989 890 4066 regnat
903 3987 936 4047 et
949 3985 1024 4047 illuc
1088 3957 1098 3982 ³

361 4097 502 4160 membra
518 4095 616 4160 trahit
628 4111 738 4157 secum
749 4093 870 4173 jugiter
884 4093 950 4172 ipse
963 4109 1032 4154 sua.
