2662 4968
469 458 633 514 -idln-

131 585 211 642 Ecce
222 579 411 642 miraculum
421 579 509 659 quod
521 581 596 644 iacit
610 597 807 658 mammona,

131 687 267 765 superba
282 686 425 765 erigens,
441 687 593 764 frangens
607 685 756 750 humilia!

131 795 212 855 Ecce
227 792 421 872 dominium,
435 792 523 871 quod
535 796 617 855 Deus
632 793 755 856 diruat!

132 903 213 962 Ecce
229 899 381 980 inversio,
395 917 492 979 quarn
504 905 586 964 Deus
599 901 763 966 destruat!

172 1005 219 1068 ad
234 1005 318 1086 ipsos
330 1006 427 1068 redeo
438 1023 579 1070 summos
592 1007 774 1088 pontifices,

131 1111 186 1191 qni
198 1115 307 1174 tacent
319 1129 392 1175 cum
403 1111 537 1189 (vident)
550 1114 609 1176 bos
623 1113 830 1195 execrabiles,

133 1218 221 1281 Licet
234 1218 412 1300 intelligant
429 1220 700 1284 consentientibus

133 1325 218 1388 idem
232 1343 301 1388 esse
315 1326 434 1389 crimen
444 1325 533 1408 quod
544 1330 593 1390 est
607 1328 785 1407 agentibus.

174 1435 255 1497 Sunt
267 1432 352 1495 enim
367 1432 428 1496 alia
442 1434 543 1496 multa
556 1434 717 1516 facinora,

134 1557 153 1602 a
166 1540 397 1602 mercatoribus
411 1539 526 1621 iniquis
539 1541 640 1622 edita,

135 1650 223 1722 Quae
237 1646 294 1727 ipsi
309 1647 427 1726 pariter
439 1651 582 1726 pastores
593 1651 730 1713 tolerant

135 1756 168 1816 et
182 1753 257 1816 inde
271 1754 394 1818 faciunt
404 1755 494 1834 quasi
509 1773 574 1818 non
589 1757 723 1837 sapiant.

135 1861 303 1936 Quomodo
317 1861 469 1924 disseram
481 1879 592 1926 omnes
606 1862 756 1944 injurias,

136 1967 426 2048 supplantatioueS,
441 1967 547 2049 dolos,
562 1969 702 2032 fallacias

135 2077 221 2149 Quas
238 2074 296 2135 sibi
311 2073 446 2136 invicem
460 2073 578 2154 ubique
591 2076 776 2157 conferunt,

137 2183 170 2243 et
182 2179 312 2260 quando
326 2185 544 2262 congregant,
564 2185 597 2243 et
608 2183 738 2262 quando
756 2183 921 2247 dividunt?

136 2291 199 2350 Nec
213 2291 321 2367 patres
334 2275 423 2366 liliis,
442 2305 502 2352 neo
516 2289 630 2350 trabes
643 2288 812 2369 iratribus,

138 2393 196 2456 sed
209 2410 313 2474 neque
325 2397 457 2473 nepotes
469 2393 536 2456 suis
550 2393 734 2474 nepotibus,

137 2502 238 2566 Ullam
252 2502 441 2564 alterutrum
455 2501 575 2565 habeut
591 2500 741 2564 fiduciam

138 2611 268 2688 propter
280 2607 434 2687 pecuniae
447 2607 737 2687 concupiscentiam
750 2613 761 2684 (
781 2613 804 2683 i.

140 2719 222 2794 Ergo
236 2716 376 2780 mundus
388 2715 449 2780 iste
461 2715 600 2797 pcccatis
613 2715 754 2794 obsitus,

139 2842 195 2905 per
206 2824 371 2887 avaritiam
384 2817 471 2887 totu's
484 2826 533 2886 cst
544 2823 696 2903 perditus.

141 2939 165 2995 Α
179 2932 282 3012 primo
295 2930 424 2995 homine
437 2931 525 2994 venit
538 2930 695 3010 cupiditas

139 3042 173 3103 in
186 3058 249 3120 qua
263 3041 405 3120 plantata
418 3041 467 3100 est
480 3036 583 3100 omnis
596 3036 774 3116 posteritas.

140 3133 264 3210 Habent
277 3145 484 3210 enimomnes
497 3144 802 3224 concupiscentiam,

140 3257 173 3316 et
186 3253 267 3316 ordo
281 3253 388 3314 nullus
402 3254 451 3314 est
462 3268 558 3330 quem
570 3252 653 3312 ferre
665 3253 789 3314 valeam

140 3358 187 3421 Ab
198 3358 332 3421 avaritia
345 3357 502 3420 mundum
514 3373 670 3435 emerere,

140 3469 238 3547 atque
252 3464 409 3546 cupidinis
422 3465 585 3544 expertem
604 3463 719 3526 dicere.

181 3573 293 3636 llilites
306 3570 432 3652 pessimi
447 3575 575 3652 propter
590 3572 785 3653 superbiam,

29 3825 52 3877 p]
66 3824 98 3866 Le
111 3823 193 3876 polium
207 3815 280 3872 public'
292 3827 332 3870 par
346 3814 378 3858 ll.
389 3825 431 3855 von
446 3811 545 3866 lterajan
582 3809 612 3855 Le
626 3823 667 3854 ms.
681 3817 715 3855 cst
726 3811 755 3854 du
767 3819 959 3856 commencement
969 3813 997 3856 du
1012 3814 1066 3858 xvir
1076 3815 1123 3858 sip.

23 3883 134 3940 rjusqu’a
143 3880 209 3923 dise:
583 3873 631 3927 ⁰¹03
645 3874 702 3918 mels
713 3875 746 3920 bl.
756 3886 798 3918 von
809 3874 907 3930 Karnion
918 3875 986 3927 croit,
1002 3876 1044 3919 ila
1054 3877 1124 3919 verite

24 3945 26 3948 .
112 3947 156 3979 Non
166 3945 212 3975 estis
221 3941 326 3974 venditores
335 3941 372 3982 rei,
583 3945 635 3977 sans
646 3935 733 3979 mimus
745 3935 796 3979 bien
811 3936 935 3990 (meldim,
949 3949 993 3992 quo
1009 3938 1029 3980 1θ
1048 3943 1124 3992 mmo
1163 3985 1169 3998 ι

112 3985 370 4064 ῑξᾱὴζξῖξξξξῖῇὶζξξξζξζῖῑ·
584 3996 641 4039 aus
656 3994 695 4039 rari
709 3997 805 4052 pensan
815 3997 835 4040 u
848 3998 924 4042 nun.

113 4085 173 4117 quern
182 4077 307 4108 coni-errorent
317 4073 390 4106 lodari.

79 4129 210 4174 Sermones
219 4121 284 4168 nolli
291 4125 428 4180 parcentes,
441 4133 462 4164 v.
472 4123 518 4164 tibi.
