2676 4968
464 429 629 484 *³87-

87 553 174 624 Quae
187 550 269 612 solet
283 565 353 612 esse
363 567 470 634 super,
485 570 571 616 nunc
588 555 751 635 subjacet,
770 557 803 617 et
815 555 971 620 dominari

123 673 206 738 quae
218 656 314 738 solet,
329 657 462 720 ancillae
475 676 562 722 nuno
576 658 658 739 gerit
670 657 819 724 cilicium.

84 763 239 845 Quodque
252 762 354 843 magis
366 765 481 845 timeo,
501 765 653 846 quoniam
664 767 766 846 magis
780 769 829 830 est
841 769 1081 854 pudibundum,

125 870 233 933 dicent
247 889 299 934 me
311 873 474 952 quondam
487 872 694 937 succubuisse
707 874 762 937 tibi
775 902 783 956 3
840 901 843 908 ·

85 979 177 1054 Quod
188 978 215 1042 si
228 983 278 1046 vel
291 982 403 1046 leviter
416 984 654 1045 submurmuret
667 1001 751 1045 unus
765 985 805 1047 ad
818 1002 935 1069 unum,

128 1085 161 1147 id
174 1104 302 1168 quoque
315 1087 342 1150 si
354 1088 474 1170 sciero,
488 1106 541 1151 me
553 1093 631 1169 puto
645 1090 739 1152 malle
752 1090 844 1154 mori.

86 1195 141 1254 Est
155 1192 252 1256 etiam
265 1212 433 1274 procerum
445 1196 523 1259 milri
539 1194 648 1277 copia,
673 1195 727 1276 qui
741 1196 816 1258 mihi
833 1197 949 1262 debent

128 1299 325 1379 temporibus
338 1300 433 1364 certis
446 1303 579 1365 reddere
593 1302 740 1385 servitia,

84 1412 174 1482 Quos
187 1408 306 1488 pudeat
316 1409 433 1473 servire
446 1409 524 1472 mibi
538 1410 563 1472 si
579 1427 717 1490 nupsero
731 1429 841 1494 servo,

127 1514 174 1577 sic
188 1515 303 1596 honor,
319 1519 351 1578 et
364 1520 493 1580 nostrae
506 1517 551 1580 sic
565 1517 751 1581 minuentur
764 1537 849 1600 opes.

86 1621 281 1698 Quinetiam
295 1623 394 1704 servi,
409 1642 599 1690 conservum
614 1624 839 1708 despicientes,

128 1735 255 1800 nectua
267 1732 426 1796 curabunt
439 1747 500 1793 nec
510 1749 582 1794 mea
592 1733 682 1812 J'ussa
696 1733 796 1814 sequi.

86 1843 139 1908 Sic
151 1843 184 1904 et
195 1857 278 1923 quae
290 1839 429 1920 spondes
442 1856 483 1901 ex
496 1841 529 1901 te
541 1838 619 1901 mibi
633 1841 803 1903 commoda
816 1842 948 1921 perdam
962 1892 969 1922 ,

128 1964 275 2030 quaeque
289 1949 383 2028 putas
396 1961 452 2026 per
463 1949 495 2008 te
506 1946 622 2008 damna
635 1964 748 2012 cavere
759 1950 869 2011 leram.
885 1971 900 2005 s

85 2059 209 2121 Cautus
223 2055 263 2118 ad
277 2056 357 2117 haee
369 2056 548 2117 llacbomes
562 2071 672 2116 aurem
685 2055 843 2135 patienter
856 2057 1008 2140 habebat,

131 2162 239 2226 cordis
252 2161 290 2223 in¹
299 2178 418 2223 arcano
432 2160 557 2240 singula
571 2162 667 2224 verba
681 2163 812 2243 locans,

85 2273 217 2349 oreque
230 2283 427 2347 compresso,
443 2266 605 2328 modicum
620 2265 709 2348 silet,
724 2270 761 2330 ut
775 2268 922 2333 videatur

128 2370 320 2456 responsum
333 2373 441 2452 magni
455 2371 604 2452 ponderis
617 2389 687 2434 esse
698 2390 813 2455 suum,

85 2483 169 2547 lude
182 2483 292 2544 levans
307 2481 417 2543 oculos
430 2481 463 2541 et
473 2480 515 2558 (l)
529 2479 593 2542 oris
607 2480 744 2544 claustra
759 2482 939 2545 resolvens:

131 2615 149 2650 «
164 2586 263 2653 Crede
276 2587 354 2650 mibi
365 2624 377 2669 ,-
389 2607 406 2644 a
422 2586 518 2668 dixit,
536 2611 551 2646 a
567 2605 633 2650 non
647 2586 707 2650 nisi
719 2605 794 2652 vere
808 2590 943 2668 loquar:

85 2697 120 2763 Si
135 2695 275 2759 libertati
289 2692 346 2757 tibi
359 2711 411 2756 me
423 2693 465 2772 (9.)
482 2693 602 2757 donare
614 2693 770 2775 placebit,

129 2819 215 2885 quae
228 2799 344 2864 metuis
360 2803 511 2881 poterunt
524 2802 612 2864 nulla
625 2817 742 2864 nocere
756 2800 812 2864 tibi
825 2828 833 2882 3

83 2910 209 2976 Nobilis
220 2912 277 2972 aut
289 2925 415 2989 servus,
431 2907 486 2970 tibi
501 2907 551 2970 vel
564 2907 642 2969 mihi
657 2925 752 2970 nemo
763 2909 911 2989 resistet,

129 3019 188 3079 aut
202 3015 297 3078 timor
310 3015 370 3077 bos
381 3013 512 3094 subdet,
533 3016 590 3075 aut
603 3013 737 3075 sociabit
751 3030 851 3076 amor.

83 3122 181 3190 Unde
196 3124 285 3185 tuam
297 3136 392 3183 nemo
405 3122 587 3199 praesumet
601 3118 728 3180 laedere
742 3120 876 3200 lamam,

130 3228 189 3293 sed
201 3226 407 3291 benedicetur
419 3243 537 3289 nomen
550 3225 666 3304 ubique
679 3228 782 3287 tuum.

82 3335 223 3402 Divitiae
238 3337 399 3414 crescent,
414 3333 707 3414 augmentabuntur
721 3333 879 3413 bonoreS,

130 3448 165 3508 et
176 3460 345 3524 procerum
358 3441 451 3504 solito
464 3443 567 3521 major
581 3439 641 3502 erit
653 3457 816 3501 numerus.

80 3551 382 3632 Multiplicabuntur
394 3547 536 3628 reditus,
556 3545 724 3626 augebitur
738 3564 833 3611 omne

127 3660 216 3740 quod
229 3659 334 3722 minus
348 3674 418 3720 esse
430 3657 526 3736 solet,
542 3654 664 3736 villula,
684 3653 789 3740 vicus,
806 3672 882 3734 ager
895 3683 902 3716 a

77 3770 145 3848 Et,
161 3765 249 3847 quod
264 3762 415 3846 promitto
428 3763 454 3825 si
468 3761 624 3841 nouerit,
640 3763 756 3823 excute
769 3759 896 3840 dentes,
935 3789 938 3794 ·

129 3875 187 3934 aut
201 3871 303 3934 fodias
316 3871 444 3950 oculos,
460 3870 516 3930 aut
529 3865 605 3929 mibi
621 3866 696 3927 tolle
710 3869 816 3944 caput.
835 3887 849 3921 a

23 4113 30 4152 )
44 4100 101 4147 sed
117 4099 176 4143 dans
187 4097 214 4140 B.
599 4094 627 4133 (ei
645 4089 673 4133 Te
683 4091 738 4135 daus
750 4090 776 4134 Β.
