2662 4968
709 428 871 488 ..148-

269 556 311 616 La
331 553 483 618 huitieme
502 560 546 636 (1)
568 557 617 617 est
638 553 785 619 adrcssee
809 574 851 618 au
873 559 956 635 Pape
978 557 1012 617 ct
1033 571 1053 616 a
1077 553 1129 617 ete
1146 554 1275 636 publiee
1295 572 1329 634 pa

228 661 350 724 Flacius
363 662 505 742 illyricus
515 665 576 742 (2),
589 679 647 741 par
660 667 775 743 Leyser
788 663 832 739 (3)
844 665 877 726 et
887 679 944 742 par
957 665 995 725 Μ.
1010 660 1137 741 Wriglrt
1149 664 1214 742 (i),
1230 661 1329 724 denti

229 768 329 847 texte,
343 783 479 848 presque
490 765 698 830 entierement
716 769 881 831 conforme
894 786 936 831 au
949 766 1128 830 manuscrit
1140 766 1182 828 de
1195 767 1226 828 la
1241 766 1329 828 Biblic

228 867 346 950 theque
358 871 483 951 royale,
497 873 546 934 est
559 869 797 950 generalemcnt
810 873 874 935 fort
886 872 972 947 hon(
994 872 1021 948 ).

269 1005 311 1063 La
324 999 490 1064 neuvieme
501 1001 542 1080 (6)
555 1003 604 1064 est
616 999 761 1064 intitulee
775 1001 855 1064 daus
868 1003 961 1064 notre
971 1000 1149 1064 manuscrit
1160 1001 1329 1062 Gaitcrase

229 1109 335 1170 Insula
342 1107 526 1188 praedicans
539 1107 702 1170 scolaribus
714 1107 797 1170 bonis
809 1110 843 1170 in
861 1110 960 1171 reditu
979 1127 1033 1170 nto
1051 1129 1072 1171 a
1092 1109 1193 1171 Curio
1206 1127 1329 1170 rornorm

227 1217 260 1276 et
275 1231 309 1277 se
323 1216 435 1278 trouve
457 1213 551 1277 d’une
571 1214 712 1278 manierc
725 1213 989 1279 tres-incorrecte
1001 1215 1082 1278 dans
1095 1232 1162 1278 une
1175 1217 1269 1278 autre
1281 1232 1329 1293 pu·

231 1317 381 1382 blication
394 1318 434 1380 de
448 1321 487 1381 Μ.
500 1317 625 1399 Wriglrt
635 1323 694 1400 (⁷)3
708 1320 738 1382 la
751 1318 904 1399 premiere
915 1321 1045 1399 strophe
1059 1339 1079 1400 y
1093 1335 1258 1398 manque:

362 1457 402 1519 Ut
414 1456 555 1518 membra
569 1457 761 1518 cohaereant
773 1456 909 1520 invicem
922 1475 997 1520 cum
1010 1455 1129 1536 capite,

362 1560 499 1641 gaudete
510 1560 543 1624 in
556 1562 709 1644 Domino,
724 1562 809 1626 diem
820 1564 937 1626 festum
947 1564 1050 1644 agite,

335 1723 339 1736 .
361 1667 477 1730 hilares
491 1672 524 1732 et
537 1669 633 1732 sobrii
645 1687 720 1732 cum
731 1672 886 1751 propheta
899 1669 1016 1734 dicite:

360 1779 490 1838 Laetare
501 1777 697 1840 iherusalem
710 1780 743 1839 et
754 1780 948 1842 conventum
961 1779 1065 1843 facite.

262 1926 354 1989 Enfin
376 1929 405 1989 la
428 1925 565 1990 dixieme
585 1930 628 2004 (8)
652 1933 783 1993 estune
807 1932 989 1996 traduction
1010 1951 1100 1999 assez
1125 1939 1274 2021 elegante
1299 1947 1329 2008 dn

219 2047 351 2110 psaume
372 2049 407 2113 u,
430 2049 494 2112 que
518 2049 601 2095 nous
622 2049 760 2115 croyons
783 2035 916 2118 incidite,
939 2042 971 2100 et
993 2039 1073 2103 dont
1093 2060 1179 2108 nous
1200 2047 1329 2111 citeron

220 2150 344 2196 comme
356 2133 515 2215 specimen
526 2135 572 2198 les
585 2138 698 2216 quatre
711 2137 881 2216 premieres
894 2144 1041 2222 strophes
1054 2172 1062 2208 ε

492 2277 573 2338 Dum
585 2277 729 2340 Galterus
744 2281 926 2358 aegrotaret

492 2383 526 2442 et
537 2383 710 2460 aegrotam
722 2379 880 2460 cogitaret

533 2489 622 2570 quod
633 2487 769 2552 advitae
780 2487 950 2552 terminum

491 2592 660 2654 vocaretur
673 2608 692 2652 a
705 2593 855 2670 Potente,

489 2697 577 2756 metu
593 2693 705 2756 mortis
718 2693 917 2775 imminente,

528 2795 689 2861 invocavit
698 2796 876 2861 Dominum.

491 2922 638 2986 Miserere
650 2923 731 3004 mei,
752 2927 850 3005 Deus,

493 3026 567 3106 quia
581 3027 688 3108 miser,
702 3027 776 3108 qma
790 3028 880 3090 reus!

529 3131 722 3196 Delictorum
735 3134 823 3196 oneri

492 3239 588 3316 atque
597 3237 678 3316 jugo
692 3236 903 3317 subJugatus,

492 3339 533 3400 ad
547 3342 578 3400 te
592 3341 708 3402 clamat
720 3342 865 3421 epulatus

527 3443 560 3506 in
581 3447 737 3532 fermento
750 3446 858 3510 veteri.

240 3671 270 3726 (1)
284 3669 330 3714 Fot.
343 3675 384 3724 42,
398 3682 475 3724 verso,
491 3670 531 3715 cot.
544 3677 564 3714 t.
788 3669 844 3714 duos
856 3671 929 3717 tems.
942 3674 970 3718 de
982 3674 1084 3732 Leipsick
1096 3679 1176 3736 pubtie
1196 3698 1240 3742 par
1253 3688 1289 3734 Les

240 3743 268 3798 (st
282 3742 437 3798 Decorropto
447 3740 566 3786 Ecclesiae
579 3742 653 3793 ricto,
666 3753 687 3796 p.
699 3745 721 3783 o.
788 3732 876 3776 uidens
889 3734 1068 3782 celuideParis.
1281 3734 1287 3743 '

238 3814 268 3869 ts)
295 3812 405 3857 Historia
423 3814 558 3868 poematum
584 3813 606 3852 et
626 3812 751 3864 poctarum
813 3802 842 3858 (6)
857 3803 904 3848 ¹²⁰¹·
917 3809 955 3860 ⁴3,
968 3817 1048 3864 verso,
1061 3810 1107 3856 cot.
1120 3818 1142 3857 ¹.

211 3873 287 3920 needii
297 3874 367 3929 oeci,
381 3887 402 3930 p.
415 3877 463 3918 779.
812 3872 841 3928 (7)
854 3873 972 3920 Anecdoto
988 3875 1123 3934 literaria,
1140 3895 1165 3941 p.
1178 3890 1223 3942 ης
1239 3887 1268 3932 les

237 3943 385 4001 (papam,
402 3947 472 4001 {gg-1,
786 3939 852 3978 rante
867 3935 930 4008 ‘deux
951 3937 1052 3986 derniers
1070 3954 1126 3989 vers
1145 3947 1176 3992 de
1199 3948 1292 3994 l'edition

238 4015 267 4072 (ὅ)
287 4015 330 4059 Les
349 4015 402 4058 trois
422 4012 543 4070 premieres
563 4009 664 4065 strophes
683 4021 710 4052 uc
727 4021 751 4054 se
787 3995 1298 4058 M·Wf¹8h²¹¹¹fl⁰(l¹1⁰⁰¹d³ss³¹emndatali·

211 4083 314 4122 trouvent
333 4077 355 4120 ni
376 4076 432 4120 daris
448 4075 468 4119 le
484 4079 544 4118 teuta
557 4073 593 4117 do'
602 4071 705 4126 Flacius,
728 4074 750 4116 ui
812 4077 842 4133 (8)
855 4076 902 4122 sor.
912 4083 954 4136 ⁴⁴,
967 4093 1045 4137 verso,
1061 4084 1106 4129 col.
1119 4092 1143 4130 ¹.
