2662 4968
707 467 869 523 -lsa-

371 592 407 652 ut
420 607 519 671 equos
531 591 670 653 habeant
680 594 713 654 et
723 593 844 654 vestem
855 589 1014 669 nobilem,

368 700 408 762 ut
419 696 528 761 vivant
538 695 669 778 largitcr
679 700 712 760 et
722 713 781 760 sua
794 695 965 778 dissipent,

368 806 402 866 et
414 807 451 866 ut
464 803 497 866 in
510 802 633 867 actibus
644 803 768 867 cunctis
778 802 979 884 superbiant,

369 911 524 988 Quoniam
539 928 605 975 non
618 912 738 975 habent
750 913 859 973 tantae
872 908 1039 990 superbiae

321 1103 323 1107 Ι
368 1017 456 1098 quod
469 1017 511 1080 sit
522 1017 682 1081 sulliciens
695 1020 728 1080 et
739 1016 919 1097 tolerabile,

368 1129 485 1188 Eorum
498 1123 581 1188 oculi
595 1123 750 1206 quidquid
764 1121 938 1205 aspiciunt,

368 1231 393 1294 si
410 1233 544 1310 possunt
557 1231 723 1312 auserunt,
739 1233 870 1312 captant
883 1232 916 1292 et
927 1227 1067 1309 rapiunt.

369 1337 500 1417 Superbi
514 1336 644 1418 milites,
660 1336 733 1418 equi
747 1335 864 1400 diaboli
877 1336 933 1416 (1),

367 1445 432 1508 huc
445 1444 519 1508 rlluc
533 1444 689 1507 cursitant
702 1446 845 1524 feroces,
860 1441 980 1522 rabidi,

367 1549 520 1632 virosque
532 1553 567 1626 (l.
582 1554 615 1614 et
624 1555 650 1628 l)
662 1550 780 1614 bestias
793 1548 848 1613 ubi
863 1547 1025 1630 reperiunt

367 1655 515 1720 nituntur
528 1674 639 1737 rapere
650 1657 700 1720 vel
714 1654 919 1720 interficiunt.

407 1763 554 1826 Rusticus
568 1763 683 1845 etiarn,
697 1761 843 1843 quamvis
855 1761 920 1825 sint
933 1759 1093 1842 humiles,

369 1869 441 1932 dico
455 1869 615 1950 cupidinis
624 1887 694 1932 esse
708 1868 898 1949 culpabiles,

367 1975 524 2050 Quoniam
537 1976 620 2039 inter
633 1993 668 2038 se
681 1975 972 2055 concupiscentiam

368 2085 401 2144 et
413 2082 629 2146 incredibilem
643 2083 762 2146 habent
775 2081 975 2164 jactantiam.

368 2189 482 2252 Namsi
493 2188 566 2270 quis
575 2189 738 2270 proprium
751 2205 864 2253 canem
877 2187 1047 2268 habuerit,

368 2297 401 2356 ct
414 2298 494 2358 aller
508 2297 641 2360 alterum
654 2295 680 2358 si
695 2296 777 2359 lorte
790 2294 917 2358 laeserit
927 2294 981 2374 (a).

368 2401 449 2478 Quid
463 2402 520 2484 ipsi
536 2404 677 2467 lacerent
688 2403 720 2466 in
733 2403 829 2466 rebus
841 2401 989 2464 maximis

368 2509 423 2589 qui
437 2509 491 2574 vix
503 2528 537 2574 se
551 2509 702 2573 cohihent
714 2509 748 2571 in
760 2510 855 2572 rebus
867 2505 1029 2571 minimis?

368 2617 467 2696 Saepe
480 2617 649 2696 probatum
662 2618 710 2678 est
723 2615 810 2696 quod
824 2613 1032 2678 homicidium

368 2740 427 2804 pro
439 2722 581 2786 vindicta
594 2721 683 2786 canis
696 2725 825 2798 exlsltat
837 2721 1049 2802 compositum
1062 2747 1075 2800 ς

370 2834 468 2910 Saepe
481 2848 538 2911 pro
552 2828 688 2893 hortulis
701 2832 773 2892 orta
785 2831 862 2891 sunt
876 2827 968 2909 odia,

370 2956 428 3020 pro
441 2937 527 3018 agris
540 2936 666 3019 saepius
682 2938 765 2999 lacta
780 2937 855 2998 sunt
868 2935 995 3016 praelia.

369 3045 451 3122 Quid
465 3045 548 3106 ultra
561 3043 676 3106 studeo
690 3042 822 3105 crimina
836 3042 942 3106 dicere

371 3153 491 3231 majora
504 3167 601 3230 quam
613 3147 691 3230 dixi,
703 3147 899 3228 praescripto
913 3149 1053 3212 ordine?

370 3257 527 3336 Quamdiu
539 3255 655 3337 corrigi
669 3274 735 3318 non
748 3259 883 3336 possunt
895 3247 988 3338 talia,

371 3381 572 3456 nequaquam
582 3381 663 3443 opus
676 3364 774 3424 estut
787 3361 891 3425 dicam
904 3360 978 3426 alia.

409 3476 435 3537 0
448 3489 523 3553 vos,
538 3468 697 3550 Episcopi,
713 3485 845 3550 vosque,
860 3470 1058 3551 Presbyteri,

369 3584 513 3662 pastores
526 3577 649 3661 populi,
664 3574 742 3656 quid
751 3574 970 3639 meditamini?

370 3691 425 3751 Est
437 3686 541 3750 omnis
552 3685 690 3765 populus
706 3681 774 3745 sine
787 3682 952 3765 custodia,

370 3793 528 3860 monitore
541 3792 629 3856 caret
640 3789 745 3852 omnis
758 3789 906 3854 Ecclesia.

371 3903 528 3983 Propheta
540 3897 693 3982 praecipit
705 3897 768 3960 hoc
782 3896 956 3978 unicuique

271 4099 292 4157 ll
316 4100 378 4146 (lette
399 4093 527 4150 expression
549 4087 646 4146 rappellc
664 4087 684 4131 lo
703 4085 776 4131 bostis
811 4099 852 4132 nos
869 4085 965 4132 Poiessa
977 4086 1118 4147 populaires
1132 4089 1236 4142 latinas,
1259 4087 1309 4144 pli

236 4165 293 4223 equi
309 4173 353 4219 quc
364 4171 422 4204 nous
433 4166 503 4200 avons
521 4152 561 4197 lait
577 4161 711 4206 remarqusr
721 4149 776 4192 dans
837 4149 866 4204 lu)
881 4149 898 4192 ll
910 4161 925 4204 y
935 4161 948 4193 a
959 4162 1011 4194 sans
1021 4151 1087 4196 doura
1096 4152 1155 4196 deun
1168 4164 1219 4197 vers
1229 4149 1302 4197 cubilis.
