2676 4968
461 459 500 474 -
515 431 624 490 429-

131 561 193 620 Nee
205 557 358 621 naturalia
373 573 450 620 usus
463 557 617 638 pariendo
627 557 746 638 jugalis
757 559 820 638 (t),

126 664 201 741 Spes
214 677 286 723 mea
299 657 451 744 causalis,
466 661 629 724 mediatris
641 662 676 736 (l.
689 660 869 741 mediatrix)
883 663 949 725 sola
964 661 1099 743 vocalis,
1141 732 1143 734 ,

129 767 257 827 llunere
270 765 400 845 pluralis
412 767 564 846 largaque
576 783 674 828 manu
685 764 836 845 venialis3

128 870 235 933 Hostia
251 871 424 952 paschalis,
439 873 532 952 eujus
545 869 605 934 iuit
618 871 682 934 alta
696 871 756 932 sub
769 869 829 932 alis

128 975 232 1038 Gloria
245 975 367 1059 vitalis,
381 977 514 1041 salvatio
526 975 714 1057 spititualis3

128 1084 169 1144 Os
180 1081 396 1165 medicinalis,
410 1083 547 1164 placatio
561 1081 761 1162 subsidialis,

127 1187 243 1250 Montio
257 1189 397 1270 festalis,
412 1189 556 1270 operaria
571 1187 775 1270 prodigialis,

127 1297 243 1356 Dextra
256 1295 409 1358 maritalis
422 1313 519 1377 quam
532 1314 598 1358 non
611 1293 716 1375 tetigit
729 1293 869 1374 socialis,

127 1403 187 1466 Sed
201 1419 305 1482 neque
319 1403 425 1468 rivalis
437 1421 471 1466 se
484 1403 612 1466 miscuit
625 1399 769 1466 officialis

20 1513 21 1516 ’
126 1507 188 1584 (Sic
202 1507 389 1572 immortalis
403 1509 463 1571 iuit
477 1509 563 1572 actio
574 1507 747 1589 spiritualis

127 1616 278 1695 Nullaque
293 1614 429 1678 carnalis
441 1615 621 1695 corruptio,
638 1613 731 1678 foeda
746 1613 890 1694 sodalis),

126 1723 209 1803 Flos,
224 1739 296 1784 rosa
307 1721 455 1804 vernalis,
473 1723 506 1785 in
519 1724 625 1786 fructu
637 1723 845 1805 perpetualis,

126 1831 222 1909 Cujus
236 1829 317 1892 odor
328 1829 435 1895 suavis
445 1829 530 1893 vitiis
546 1832 595 1892 est
608 1829 765 1912 exitialis,

126 1938 220 2000 Stella
235 1936 410 2020 diurnalis,
428 1917 605 2002 reverentia
619 1937 830 2017 catholicalis,

125 2044 281 2108 Mentibus
293 2045 440 2110 humanis
452 2063 519 2108 non
533 2049 582 2108 est
594 2047 665 2108 laus
678 2047 774 2126 cujus·
783 2044 886 2108 inanis
897 2071 905 2125 3

127 2153 215 2213 lions
227 2153 263 2229 (l)
275 2151 440 2214 rationalis
451 2155 485 2214 et
496 2152 610 2214 Christi
624 2150 813 2215 collateralis
824 2177 832 2233 3

127 2257 200 2320 Plus
212 2274 309 2336 quatu
322 2256 449 2338 regalis,
464 2256 617 2336 quianon
630 2255 691 2319 erit
704 2257 803 2318 altera
815 2257 904 2338 talis,

127 2369 189 2426 Nec
202 2361 263 2426 luit
274 2362 429 2444 aequalis,
445 2365 510 2424 tam
525 2361 615 2426 iortis
628 2364 661 2423 et
673 2360 843 2440 imperialis
855 2387 863 2441 3

128 2471 225 2532 Mater
239 2485 338 2532 ovans
352 2467 447 2549 regis,
462 2467 495 2530 in
506 2469 598 2547 eujus
612 2466 732 2529 lumine
747 2464 853 2546 degiS,

128 2575 186 2650 Qui
197 2574 252 2637 dat
262 2575 296 2637 in
306 2594 383 2638 aure
393 2573 498 2655 gregis
511 2572 637 2636 divinae
649 2573 799 2653 dogmata
809 2572 904 2652 legis3

127 2679 256 2761 Nobilis,
269 2680 413 2761 insignis,
423 2679 648 2761 memorabilis,
661 2679 792 2760 inclyta,
804 2678 904 2758 mitis,

127 2791 273 2868 Strenua,
287 2787 430 2850 sublimis
441 2790 475 2852 et
487 2790 554 2850 tota
565 2789 714 2866 potenter
725 2785 833 2848 herilis
845 2811 854 2865 ς

127 2899 141 2955 J
145 2911 200 2956 ure
215 2895 324 2957 cluens
337 2895 438 2974 prole,
452 2893 579 2972 pariens
592 2896 700 2955 tamen
714 2893 835 2972 absque
848 2891 958 2956 dolore
971 2918 979 2972 3

128 3000 323 3080 splendidior
334 3001 418 3080 sole3
434 2998 561 3061 coelesti
576 2999 668 3077 plena
681 2999 814 3080 decore,

126 3111 187 3170 Fae
201 3109 268 3170 scre
282 3123 334 3169 me
342 3108 416 3186 jure
430 3104 498 3167 sine
513 3104 577 3166 fine
591 3093 665 3166 tuae
680 3103 846 3183 geniturae
860 3104 868 3164 ἔ

4 3247 62 3306 tte
74 3241 196 3322 hymne
211 3242 260 3302 est
273 3237 384 3318 suivie,
401 3237 480 3298 dans
492 3237 522 3297 le
534 3233 721 3312 manuscrit,
737 3233 813 3295 d’un
829 3235 920 3295 autre
934 3239 1046 3311 podme
1061 3232 1101 3293 de

4 3346 220 3426 ,atre-vingts
239 3363 326 3426 vers,
351 3343 370 3406 d
392 3344 422 3406 la
445 3345 584 3422 louange
606 3342 646 3403 de
662 3341 698 3402 la
720 3339 822 3403 sainte
836 3339 963 3418 vierge,
980 3336 1059 3400 dont
1071 3337 1101 3399 le

4 3460 133 3541 ythme
146 3455 228 3517 n'est
245 3471 302 3533 pas
322 3450 427 3514 moins
439 3447 612 3512 recherche
628 3476 636 3510 ε
653 3465 776 3510 comme
790 3447 811 3508 il
826 3444 941 3508 n’oli‘re
955 3443 1102 3506 d'interet

4 3563 141 3629 aucune
155 3557 266 3640 espece
280 3560 386 3639 etque
399 3558 428 3619 le
446 3574 520 3619 nom
534 3555 574 3618 de
585 3557 721 3618 l’auteur
732 3555 785 3634 n’y
797 3556 846 3616 est
858 3571 915 3632 pas
931 3550 1101 3630 expresse-

4 3675 71 3736 ant
86 3666 237 3748 indique,
253 3681 335 3758 nous
348 3682 430 3728 nous
443 3665 620 3726 bornercns
633 3661 652 3724 h
667 3679 707 3724 en
722 3661 844 3744 puhlier
857 3655 886 3722 le
898 3673 1101 3722 commence-

4 3782 70 3843 3nt
85 3805 93 3838 ε

103 3885 209 3944 Pauca
223 3876 309 3958 loqui
325 3875 435 3958 cupio,
450 3873 611 3938 laudando
626 3872 679 3936 Dei
695 3870 902 3952 genitricem,

14 4071 25 4124 )
61 4064 125 4110 Sans
146 4061 214 4106 doute
238 4071 293 4117 pour
315 4059 373 4116 jope
392 4057 528 4104 submisse:
564 4057 584 4101 la
605 4055 706 4102 nouvelle
727 4055 808 4099 edition
829 4054 857 4098 de
878 4053 907 4097 du
931 4052 1021 4108 (laurea
1046 4049 1103 4094 rnais

4 4143 27 4176 e
53 4123 231 4180 interpretation
244 4133 272 4166 ne
285 4133 309 4166 se
322 4127 400 4166 trouve
419 4133 459 4176 pas
473 4120 529 4164 dans
564 4119 646 4176 Papias
658 4119 729 4162 donne
740 4117 798 4172 jttqo
808 4119 873 4173 epte.
