2676 4968
448 364 612 472 -na-

120 534 199 596 alter
213 533 273 596 erit
282 533 403 598 calidus
417 538 450 598 et
462 536 602 600 sobolem
614 533 724 615 taciet3

80 639 191 721 Sioque
202 641 328 705 volente
341 644 421 723 beo,
436 642 506 706 sine
519 644 625 706 fructu
636 643 724 706 nulla
734 642 874 706 manebit

118 765 178 812 nec
189 747 304 812 sterilis
316 751 438 815 metuet
450 750 494 827 (1)
507 748 630 814 arboris
643 748 696 826 illa
709 765 834 828 rogum.
852 771 868 806 u

80 860 158 918 bum
171 855 218 920 sio
228 871 407 923 sermonem
420 859 599 922 Macbomes
616 855 797 937 praetendit
810 855 853 920 ad
865 873 991 935 omnes,

117 961 249 1032 nuntius
262 981 347 1028 unus
359 963 461 1045 adest,
473 965 561 1030 solus
574 966 607 1029 et
617 963 684 1043 ipse
693 963 813 1042 malus3

79 1067 230 1132 omnibus
244 1069 373 1151 occisis,
391 1087 427 1134 se
439 1071 556 1134 clamat
569 1071 615 1138 ab,
623 1069 768 1134 hostibus
778 1084 878 1132 unum
983 1129 985 1134 .

117 1190 187 1236 csse
197 1179 393 1244 reservatum
406 1178 496 1238 tauta
509 1175 628 1238 reterre
641 1175 735 1238 mala.

81 1281 229 1347 Exoritur
244 1281 367 1363 luctus3
383 1285 502 1348 clamor
513 1281 650 1348 tentoria
664 1282 781 1361 replat3

116 1388 299 1466 plorantum
311 1390 353 1453 ad
366 1389 473 1454 coelos
486 1388 607 1452 tolbtur
620 1405 723 1468 usque
735 1405 844 1452 sonus.

76 1494 146 1571 Vir,
160 1499 307 1562 matrona
320 1499 433 1577 sonat,
447 1498 553 1576 pater,
569 1495 690 1575 infans,
704 1511 820 1574 sponsa
832 1541 842 1573 ,
854 1491 1004 1571 maritam

116 1605 173 1666 ssat
186 1604 311 1684 genitor
324 1603 485 1684 genitum,
499 1603 632 1667 vernula
649 1602 704 1664 flet
715 1599 893 1665 bominum.

76 1716 166 1775 Tunc
175 1713 354 1776 Macbomes
364 1709 485 1790 inquit:
501 1731 517 1770 a
532 1712 615 1774 beus
626 1709 689 1772 boc
699 1706 882 1789 providerat
895 1719 985 1785 esse,

116 1834 184 1879 non
197 1815 289 1884 aliter
302 1815 426 1896 decadt3
441 1812 561 1895 parcite
570 1815 638 1894 jam
649 1812 814 1894 lacrymis3

75 1921 160 1996 Quin
170 1921 273 2002 magis
286 1939 414 1986 oremus
425 1937 536 1986 omnes
549 1917 672 1984 Domini
685 1917 854 1998 pietatem,

114 2031 154 2090 ut
167 2046 226 2092 nos
236 2031 269 2091 et
282 2030 427 2107 nostros,
439 2030 618 2107 cunctaque
631 2029 742 2090 nostra
753 2029 799 2106 (2)
809 2026 918 2103 regat,

74 2133 238 2214 thuibus
253 2131 407 2198 abstraxit
419 2132 532 2196 solatia
546 2134 635 2194 tanta
649 2131 808 2198 virorum.

115 2238 208 2302 vobis
217 2238 268 2302 vel
284 2238 407 2302 loculos
420 2235 553 2300 reddere
567 2233 741 2296 sustineat!
756 2256 772 2290 n

73 2347 130 2410 His
144 2345 253 2425 dicim,
268 2343 411 2425 procedit
424 2359 478 2410 eos
487 2342 529 2408 ad
540 2342 656 2419 templa
667 2344 819 2416 beorum,
846 2407 848 2412 ,

115 2452 152 2514 in
166 2451 280 2530 quibus
291 2449 357 2530 ipse
371 2448 458 2529 prius
470 2446 636 2511 abdiderat
645 2445 778 2511 loculos.

74 2565 183 2639 Tunc,
198 2559 285 2621 velut
295 2557 463 2638 ignorans,
476 2554 617 2635 girabat3
631 2551 783 2632 denique,
797 2553 952 2630 tanquam

116 2683 252 2730 munere
264 2663 389 2745 divino,
404 2662 541 2743 repperit
553 2660 728 2724 introitum.

72 2773 263 2854 Ingrediens
273 2769 389 2852 reperit
399 2770 541 2854 loculos,
556 2769 589 2829 et
600 2766 690 2846 signa
704 2763 882 2844 quibusque

118 2882 154 2944 in
168 2878 279 2942 loculis
296 2877 477 2940 monstrant
487 2873 613 2952 singula
627 2874 720 2952 cujus
737 2873 839 2932 erant.

73 2987 209 3051 Femina
219 2997 366 3065 quaeque
379 2978 428 3041 sui
440 2976 605 3058 cognoscit
618 2975 710 3054 signa
721 2975 824 3036 mariti

121 3096 156 3156 et
165 3090 276 3170 recipit
286 3087 368 3168 juris
380 3083 468 3165 quod
480 3083 567 3163 patet
580 3097 650 3142 esse
662 3079 723 3142 sui.

75 3200 161 3264 Inde
171 3196 361 3260 maritantur
369 3193 463 3272 Juxta
476 3191 579 3268 legem
592 3183 813 3265 Macbometis‚

120 3308 155 3366 ct
166 3303 278 3367 vivunt
289 3313 400 3362 omnes
414 3297 484 3376 ejus
498 3294 539 3356 ad
553 3291 728 3355 arbitrium.

74 3411 219 3476 Plurima
232 3425 296 3488 pax
310 3405 373 3469 illio
386 3401 506 3484 viguit,
525 3400 720 3463 Machomete
733 3397 878 3477 vigente,

119 3516 243 3598 pacatis
257 3509 381 3575 cunctis
394 3507 538 3572 hostibus
552 3507 620 3568 arte
631 3521 705 3586 sua3

72 3624 171 3690 Unde
189 3627 288 3686 baum
300 3618 496 3682 Machomem
509 3611 716 3692 reputabant,
737 3611 833 3689 atque
844 3626 899 3688 per
910 3607 978 3674 illas

120 3732 228 3812 partes
243 3726 341 3808 ipsius
354 3727 398 3800 (3)
409 3737 527 3786 nomen
540 3720 609 3781 crat
622 3717 754 3780 celebre.

73 3835 262 3904 Transactis
279 3832 377 3912 igitur
391 3829 425 3894 in
439 3829 529 3890 tanta
540 3842 618 3905 pace
632 3823 743 3886 diebus

8 4034 29 4088 t)
44 4028 150 4075 Mutant
162 4025 218 4069 daus
232 4023 259 4065 b.
526 4011 535 4032 ·
587 4009 617 4065 (5)
632 4006 703 4052 lilius
715 4008 770 4053 dans
781 4006 808 4052 B.

9 4095 29 4152 Ξ)
43 4093 188 4145 Nostraque
202 4084 286 4129 cuncta
300 4080 354 4126 dans
365 4079 391 4122 n.
