2684 4970
472 463 636 520 —329—

92 583 160 642 Nos
176 579 269 644 sidiul
283 584 402 664 absque
414 587 506 649 malis
518 589 654 652 sociaret
666 589 759 652 taeda
770 591 910 673 jugalis,

93 685 253 749 Tristitiee
264 690 362 752 moles
376 692 526 770 parienda
540 695 617 756 mihi
631 697 714 757 mala
727 697 832 776 proles

92 793 207 856 Editur
220 794 254 856 in
267 795 400 880 somnis,
416 815 459 878 qu
494 799 680 880 disperitura
698 799 739 863 sit
750 806 854 865 omnis

92 899 150 960 Vis
164 904 291 964 nostrae
305 903 407 982 gentis
419 931 427 986 3
442 910 498 968 aut
507 907 601 968 fallor
613 907 750 988 imagine
761 911 878 972 mentis

91 1008 160 1066 Aut
173 1007 292 1070 somnis
303 1009 409 1091 vanis,
423 1015 480 1073 aut
493 1011 612 1076 tullitur
623 1014 712 1078 alvus
723 1014 837 1078 inanis.
855 1037 871 1073 n

91 1112 210 1173 Ruben
221 1113 372 1196 miratur,
388 1115 478 1179 timet
490 1117 685 1199 interiusque
699 1123 865 1202 gravatur,

90 1219 257 1282 Attonitus
270 1237 365 1301 super
377 1222 427 1285 his
438 1225 643 1306 quae—lingua
656 1230 764 1289 monet
777 1206 935 1309 mulierisp

93 1325 224 1404 lnquit:
240 1348 255 1385 u
269 1327 396 1406 Digesta
409 1346 465 1408 per
477 1333 508 1392 te
521 1313 598 1394 nini
613 1335 688 1393 sunt
700 1331 867 1395 inhonesta

92 1436 163 1494 Nec
177 1433 235 1495 sari
249 1433 365 1516 digna,
380 1454 454 1499 cum
466 1437 530 1499 sint
543 1440 689 1517 portenta
702 1439 851 1518 maligna.

91 1538 185 1603 Saevi
200 1557 344 1603 rumores
357 1534 698 1623 perturbant'undique
711 1561 835 1625 mores,

92 1649 135 1707 Et
148 1649 271 1709 mentes
283 1647 372 1726 plere
385 1649 417 1728 (l.
432 1650 543 1729 plenae
551 1647 576 1724 i)
586 1651 716 1712 stabunt
729 1650 897 1715 tormidine
909 1667 1032 1730 poenae

94 1754 261 1834 Verbaque
274 1755 444 1817 credentur
456 1755 511 1819 vix
522 1773 596 1818 cum
609 1757 753 1819 miranda
766 1757 927 1821 ridentur.

95 1859 209 1923 Nescio
222 1878 286 1940 quo
299 1861 434 1943 raperis,
448 1863 499 1924 vel
512 1879 575 1942 qua
588 1863 717 1927 levitate
732 1863 887 1944 moveris,

96 1965 176 2028 Mira
189 1965 267 2028 mihi
280 1967 373 2049 sarie,
385 1969 583 2050 Phytoneu)
595 1969 705 2031 iurens
719 1969 859 2049 agitaris.
877 1992 892 2027 n

137 2073 264 2136 Femina
279 2075 330 2138 cui
338 2078 426 2156 jurat
439 2105 447 2138 ι
465 2099 480 2135 «
495 2081 578 2139 Haec
591 2077 671 2140 visio
683 2093 758 2141 vora
769 2077 904 2156 figurat,

95 2185 198 2254 Quam
212 2181 293 2243 miro
307 2199 396 2244 more
409 2181 474 2245 vidi
488 2182 591 2263 sopita
604 2183 729 2262 sopore.
747 2204 762 2239 n

95 2291 220 2348 Menses
230 2285 409 2367 praedixit,
423 2289 596 2366 partusque
611 2286 694 2348 diem
709 2285 767 2348 sibi
782 2286 880 2367 dixit,

96 2391 187 2454 Vitae
200 2407 380 2472 pressuram
394 2391 487 2454 simul
501 2391 613 2452 edocet
625 2407 694 2452 esse
708 2392 858 2452 futuram.

100 2521 117 2556 ι(
132 2501 201 2560 Jam
214 2496 270 2558 tibi
283 2497 408 2559 detecto
419 2495 528 2560 videas
541 2496 602 2558 hoo
615 2495 726 2558 ordine
738 2498 847 2574 recto3

98 2603 159 2679 Qui
172 2602 269 2666 modo
280 2607 447 2683 nascetur,
463 2620 481 2664 a
495 2619 559 2682 quo
573 2602 627 2663 fax
641 2600 826 2680 egredietur

99 2709 209 2772 Totius
223 2708 366 2790 sceleri53
381 2723 464 2787 non,
480 2707 678 2788 examinate,
693 2707 829 2770 moreris

99 2817 218 2880 Mundo
229 2818 387 2898 prolatum
397 2819 550 2896 praetaxa
560 2817 592 2895 (l.
605 2817 779 2894 praetacta)
789 2817 892 2878 morte
902 2817 1047 2894 reatum7

98 2928 144 2986 Ne
158 2939 215 3003 per
228 2922 386 2986 sentinam
399 2921 467 2985 vitii
481 2924 625 2984 nostram
637 2921 836 3002 peregrinam
894 2923 896 2927 ’

99 3030 222 3094 Efficiat
235 3032 362 3109 gentem
375 3027 502 3109 proprio
516 3030 576 3090 sub
586 3030 659 3107 jure
672 3029 825 3090 virentem
840 3056 850 3089 ι

98 3135 253 3201 Praevisis
267 3135 338 3198 telis
349 3135 388 3198 fis
398 3135 500 3197 tutior
512 3135 631 3213 absque
642 3133 788 3213 querelis.
806 3155 822 3190 n

7 3221 9 3236 ’
140 3243 332 3304 Decurrente
345 3243 416 3303 rota
429 3239 550 3320 lunari,
564 3242 706 3317 tempora
720 3241 807 3300 mota

99 3351 168 3410 Jam
180 3346 342 3409 defluxere
352 3372 361 3427 3
373 3361 579 3426 mensesque,
596 3343 663 3406 dies
678 3345 818 3424 rediere,

101 3459 137 3516 ln
152 3452 266 3533 quibus
278 3453 425 3534 impletur
441 3456 550 3532 partus
564 3451 617 3532 qui
632 3454 739 3516 certus
751 3451 895 3516 habetur.

22 3758 52 3814 (a)
71 3755 109 3802 On
133 3751 159 3796 ut
181 3749 303 3808 &sument
322 3751 377 3797 dans
395 3752 417 3796 ia
435 3747 541 3810 rependo
577 3752 620 3797 rite
641 3751 749 3808 queiqnes
773 3757 849 3797 autres
874 3751 985 3806 exompies
1005 3751 1060 3795 daus
1083 3752 1117 3797 ius

7 3821 68 3864 tore'e
81 3831 89 3860 :
104 3813 200 3871 Spiritu.
217 3828 257 3860 ceu
268 3821 331 3871 puto,
347 3814 466 3873 phytonico
475 3825 543 3870 rope·
577 3813 691 3858 tertrains
701 3815 730 3857 du
747 3826 827 3870 moyen
841 3816 883 3869 age
897 3814 972 3870 (roger
983 3814 1012 3857 du
1024 3811 1114 3869 Ganga,

7 3883 40 3936 is,
53 3884 78 3924 et
96 3881 155 3922 cette
170 3875 270 3932 analogie
281 3882 343 3933 porte
355 3877 369 3920 a
379 3877 450 3920 croire
464 3888 508 3931 que
521 3873 542 3920 le
578 3880 595 3920 t.
606 3877 632 3927 V,
648 3889 671 3933 p.
680 3881 728 3930 25¹1,
743 3875 784 3921 col.
796 3881 810 3919 5
821 3882 873 3932 etp.
884 3880 937 3927 tus,
953 3875 994 3918 coi.
1006 3875 1040 3930 5),
1056 3874 1113 3918 mais

7 3947 63 3986 oete
88 3952 101 3984 a
123 3939 186 3994 copie
206 3938 226 3983 le
245 3939 396 3983 sermonnaire
415 3952 420 3982 ι
441 3950 542 3984 cernon
578 3939 597 3982 ic
615 3949 666 3982 oeus
684 3944 719 3983 est
739 3938 824 3982 derenu
843 3943 891 3982 tout
909 3937 922 3981 d
940 3936 980 3980 icit
993 3935 1112 3980 different:

7 4005 128 4048 rotemeut
154 4000 175 4045 la
200 4000 270 4045 iormc
293 4000 401 4044 ancienne
422 3999 541 4056 Pythona,
578 4000 593 4043 il
610 4011 638 4044 nc
656 4000 721 4055 s’agit
738 3999 827 4056 ptusde
845 3998 927 4056 l'esprit
941 3998 968 4042 de
985 3997 1113 4054 prophetie,

7 4063 144 4123 rythmico,
168 4068 202 4108 ost
223 4074 353 4117 corrompue
375 4072 415 4118 par
431 4061 453 4106 ia
471 4064 543 4106 meme
578 4062 635 4108 mais
648 4062 699 4106 d’uu
713 4062 782 4118 esprit
795 4063 822 4106 de
832 4066 983 4116 mensengcet
993 4059 1099 4105 d'orreur.

7 4126 163 4184 ranspositiou
173 4125 202 4168 du
217 4136 245 4179 u,
259 4125 311 4169 dont
321 4133 349 4168 on
361 4127 439 4169 trouve
449 4123 462 4168 a
473 4123 493 4167 ia
506 4123 542 4166 ve-
