2662 4968
464 443 626 498 -135-

122 567 197 647 qm,
214 567 302 646 prius
313 565 459 629 succensi
470 565 564 629 bonis
576 566 609 627 ln
623 565 762 645 notibus,

124 673 280 736 instinctu
294 673 458 736 daemonis
472 674 638 754 deponunt
651 674 809 753 regulam,

124 780 287 861 vitemque
298 783 447 860 repetunt
460 781 554 843 istam
568 779 774 843 mortiferam.

164 886 252 948 ldem
265 891 315 950 est
328 887 369 949 dc
382 887 474 949 malis
488 903 599 950 corum
611 887 771 966 Patribus,

125 995 192 1054 tam
206 992 247 1055 dc
260 991 451 1074 Praeposilis
461 1011 559 1073 qnam
573 993 613 1056 de
624 993 800 1072 Prioribus,

122 1098 184 1173 Qui
199 1103 315 1162 curant
327 1099 459 1162 minime
472 1099 549 1180 quid
562 1103 661 1181 agant
674 1099 810 1179 subditi,

124 1205 191 1270 sive
205 1206 271 1268 sint
283 1207 431 1288 rebelles,
447 1206 514 1272 sive
528 1207 669 1270 obnoxii.

121 1310 205 1374 Olim
219 1329 285 1374 non
298 1312 365 1375 visa
380 1315 429 1374 cst
442 1315 531 1375 13313
545 1312 713 1376 inversitas

118 1431 185 1481 'nec
195 1420 264 1500 jam
278 1419 387 1482 331113
399 1423 448 1482 est
462 1422 551 1481 tanta
566 1418 753 1498 crudelitas³

122 1527 250 1599 Quanta
264 1543 352 1588 nunc
364 1525 509 1589 cernitur
523 1525 618 1588 iubis
632 1525 814 1588 bominibus

128 1629 190 1704 Qui
205 1648 240 1692 se
253 1630 286 1694 in
300 1631 443 1694 omnium
456 1631 631 1696 ostendunt
644 1632 794 1697 vestibus.

126 1740 189 1799 lsta
203 1737 315 1818 religio
326 1739 406 1801 fallit
419 1743 452 1802 et
464 1740 600 1821 lellilur,

125 1862 211 1924 quae
230 1845 269 1907 dc
286 1846 436 1926 operibus
448 1847 536 1909 salsis
549 1847 738 1926 involvitur3

128 1951 280 2013 Mentitur
292 1952 404 2015 habitu
418 1954 625 2035 religiositaS,

125 2075 202 2120 cum
214 2058 300 2121 sitin
315 2060 465 2123 cordibus
479 2061 588 2141 lupina
602 2062 723 2124 feritas.

127 2164 164 2226 lli
178 2182 274 2245 super
285 2168 391 2228 oleum
405 2169 581 2248 loquuntur
593 2169 741 2248 molliter,

126 2287 240 2332 omnes
254 2270 416 2352 decipiunt
426 2272 674 2354 admirabiliter3

127 2379 206 2438 Nam
220 2376 304 2440 sicut
316 2378 421 2441 latitat
434 2379 548 2458 anguis
563 2379 596 2442 in
610 2381 760 2458 herbula,

126 2483 175 2546 sic
187 2485 290 2547 latent
303 2483 337 2548 iu
350 2485 397 2548 eis
411 2502 595 2549 sermonum
603 2487 710 2567 jacula
726 2515 734 2547 ι

128 2593 316 2670 Loquuntur
327 2592 445 2655 etenim
459 2609 571 2672 pacem
584 2609 658 2655 curn
670 2591 817 2672 proximo

129 2697 313 2777 malumque
327 2697 447 2778 tegitur
463 2697 497 2761 in
511 2699 608 2762 corde
623 2698 756 2778 perfido.

132 2810 167 2867 ln
182 2805 346 2885 Evangilio
358 2807 393 2882 (l.
408 2805 594 2884 Evangelio)
603 2804 757 2886 praecipit
770 2804 920 2867 Dominus

130 2929 244 2974 omnes
255 2911 420 2974 attendere
434 2913 474 2973 ab
488 2910 538 2974 his
552 2911 727 2974 fallacibus.

130 3018 223 3080 Tales
235 3015 445 3098 (blypocrite'e
456 3035 491 3080 se
504 3018 583 3080 cibis
596 3018 771 3090 abstinent,

132 3128 298 3188 macerant
312 3143 464 3205 corpora,
479 3123 566 3188 visus
580 3126 812 3201 exterminant(
838 3131 861 3201 l,

131 3231 351 3313 (initantum,
367 3232 426 3294 sub
437 3231 521 3296 vitae
533 3233 629 3312 hujus
641 3231 797 3312 imagine,

133 3339 247 3402 laudes
258 3342 292 3401 ct
304 3356 437 3401 munera
453 3338 595 3418 gaudent
606 3337 759 3418 accipere.

134 3443 259 3508 Amodo
272 3443 428 3526 siquidem
441 3462 570 3526 possum
585 3461 727 3507 asserere

136 3550 214 3632 quia
228 3547 442 3614 Antichristus
452 3550 594 3613 creditur
605 3549 731 3632 vivere,

134 3661 216 3721 Cum
228 3656 275 3720 sic
287 3657 444 3722 Ecclesiae
456 3675 543 3720 nune
556 3673 612 3736 per
625 3655 794 3718 circuitum

134 3761 257 3828 vadant
267 3764 309 3826 31
321 3763 461 3827 dedecus
474 3763 559 3826 3131
572 3761 746 3825 interitum.

177 3873 260 3934 Puto
270 3871 358 3952 quod
370 3875 513 3950 tempora
525 3872 684 3934 venerunt
697 3868 824 3948 ultima,

39 4065 61 4113 31
74 4050 190 4119 1113133331
203 4065 251 4108 leur
264 4065 354 4120 rogarii,
363 4075 393 4107 33
403 4063 546 4108 8331133331
581 4061 743 4118 n'iudlquepas
755 4057 1125 4118 331133133113311331113133331-

23 4119 120 4180 brisagam
136 4127 157 4169 13
175 4125 278 4170 nouvelle
294 4125 375 4168 edition
389 4125 416 4168 de
430 4125 459 4167 13
473 4124 546 4178 Gange
583 4135 650 4166 nore.
