2672 4968
652 402 816 458 -216-

410 549 471 612 ego
484 529 540 592 tibi
552 546 639 594 nuno
649 529 783 610 propino

490 637 626 700 debona
640 634 821 700 cuncordia.

410 773 494 837 uixit
506 773 609 836 Abbas
621 773 663 836 ud
676 771 811 836 Prion-is:

410 883 456 942 Tu
467 895 502 942 es
513 879 610 942 homo
621 876 696 941 boni
708 876 825 956 moris,

411 984 485 1065 quia
499 999 624 1062 semper
637 981 771 1046 sanioris

490 1085 567 1148 mibi
582 1085 639 1148 das
652 1084 794 1148 consilia.

409 1247 482 1307 Post
495 1243 688 1323 completum
702 1240 842 1320 rediere,

409 1352 443 1412 et
454 1347 618 1413 currinum
632 1346 834 1428 combibere,

410 1458 602 1536 potaverunt
613 1470 716 1534 usque
729 1455 805 1518 nere

491 1565 618 1643 propter
630 1563 726 1640 potus
736 1560 881 1641 plurimu.

413 1700 501 1764 Prior
514 1699 594 1763 dixit
607 1699 650 1762 ud
662 1699 808 1762 Abbatisz

414 1805 474 1885 ipsi
487 1805 607 1867 habeut
619 1804 729 1868 viuum
740 1804 839 1880 satis3

416 1911 512 1974 vultis
526 1909 602 1972 dure
614 1909 809 1990 paupertatis

496 2019 605 2079 noster
616 2018 712 2095 potus
726 2014 851 2079 omnia?

417 2145 499 2220 Quid
512 2162 572 2208 nos
585 2149 709 2226 spectat
721 2145 936 2228 paupertatis?

418 2250 518 2313 Habet
529 2267 653 2331 parum,
668 2249 765 2312 babet
775 2249 873 2328 satis,

417 2357 585 2435 postqum
598 2353 685 2418 veuit
697 2371 763 2417 uon
783 2353 924 2434 vocatis,

500 2457 541 2519 ad
554 2460 663 2520 noster
677 2455 831 2524 convivia.

420 2590 450 2655 Si
465 2589 622 2653 nutritum
636 2594 720 2653 esset
731 2592 834 2670 bene,

421 2712 481 2758 uec
494 2694 536 2757 ad
548 2693 638 2758 cibus
651 2711 711 2757 nec
725 2693 766 2756 ad
780 2710 900 2757 coenae

422 2798 561 2862 venisset
573 2816 631 2878 pro
646 2797 762 2860 marcis
776 2798 895 2876 denae,

502 2903 562 2967 nisi
576 2921 632 2983 per
645 2902 797 2984 precaria.

424 3039 523 3100 Habet
537 3041 663 3101 tautum
674 3038 714 3101 de
726 3037 778 3100 hie
789 3041 896 3117 potus,

425 3141 511 3221 quod
524 3144 702 3204 conventus
715 3140 796 3204 bibit
808 3145 914 3218 tutus,

425 3248 458 3307 et
471 3249 630 3326 cognatus
642 3249 675 3308 et
686 3246 837 3326 ignotus,

506 3344 546 3407 db
559 3344 665 3424 aegris
678 3343 818 3410 servisiu.

428 3492 531 3554 Abbas
544 3492 644 3557 vomit
656 3497 689 3556 et
702 3493 836 3574 Prioris3
890 3494 894 3503 '

428 3601 529 3664 vomis
541 3600 626 3666 cadit
640 3619 735 3682 super
748 3602 853 3681 θυήεις

426 3723 489 3785 ego
502 3723 621 3786 pauper
633 3706 706 3768 siuti
720 3704 814 3785 soris,

509 3810 542 3868 et
552 3824 618 3870 non
631 3823 703 3868 sum
716 3805 845 3868 lautitia.

430 3949 548 4008 Rumor
561 3945 647 4009 veuit
660 3945 701 4007 ad
714 3943 860 4024 Antistis,

431 4045 518 4124 quud
529 4045 656 4108 Abbatis
669 4042 840 4122 fecitistis3
960 4137 964 4146 ¹
