2662 4968
690 391 855 447 ..166-

314 529 387 572 nam
399 511 502 576 navali
516 512 636 591 praelio
646 512 776 592 quidam
789 513 970 594 perierunt,

312 617 487 698 etquidem
501 618 534 680 in
547 635 675 681 carcere
687 620 810 682 obtrusi
824 622 965 684 luerunt.

314 767 413 830 Credo
426 766 513 846 quod
525 767 694 848 Gregorius
703 769 759 849 qui
771 769 876 833 dictus
890 774 939 832 est
951 789 1072 854 nonus,

313 874 374 936 tuit
386 873 579 954 apostolicus
589 875 649 956 vir,
664 878 795 938 sanctus
806 879 839 938 et
850 878 971 958 bonus,

313 979 369 1042 sed
379 997 436 1060 per
448 980 560 1044 mundi
574 981 701 1044 elimata
713 981 826 1061 strepit
838 985 908 1062 eius
923 1001 1039 1063 sonus,

313 1086 399 1167 quod
409 1087 451 1150 ad
464 1105 596 1167 guerras
606 1089 711 1150 luerat
721 1105 845 1168 semper
857 1088 952 1152 nimis
962 1101 1093 1169 pronus

314 1236 370 1300 llic
382 1237 421 1299 de
435 1238 501 1300 suis
514 1237 630 1302 tinibus
644 1237 750 1318 coegit
763 1239 851 1302 exire

315 1344 477 1426 antiquam
491 1345 696 1408 concordiam
709 1349 741 1408 et
754 1346 830 1410 tecit
842 1348 929 1411 abire
942 1374 950 1430 3

314 1451 398 1514 ultra
409 1451 442 1530 (l.
454 1451 537 1515 intra
545 1453 568 1530 l)
579 1451 691 1515 mundi
703 1452 818 1516 limites
830 1471 891 1517 nec
904 1457 1010 1536 potest
1023 1455 1096 1536 quis
1108 1457 1194 1520 scire

315 1555 369 1619 ubi
381 1575 467 1619 nunc
478 1561 679 1638 permaneat,
692 1560 744 1622 vel
757 1559 870 1624 saltem
883 1560 1004 1624 audire.

314 1705 368 1768 Vir
379 1711 509 1771 sauctm
520 1709 566 1772 sic
576 1710 715 1790 iecerat,
731 1727 807 1776 nam
819 1711 1070 1792 praedicatores,

314 1833 394 1894 quos
406 1815 554 1878 deberem
567 1816 672 1879 dicere
682 1817 967 1900 praevaricatores,

315 1939 425 1984 secum
438 1939 561 2003 semper
575 1922 687 1986 habuit
697 1927 730 1985 et
741 1927 866 1986 Fratres
877 1924 1032 2006 minores,

316 2028 371 2107 qui
385 2045 478 2091 suum
489 2032 707 2109 perverterant
720 2048 849 2094 sensum
862 2035 959 2113 atque
971 2050 1092 2096 mores.

316 2179 347 2243 Si
361 2184 445 2259 Papa
458 2197 524 2246 non
537 2181 680 2243 crederet
690 2179 769 2244 istos
782 2182 977 2248 detractores
990 2232 999 2265 ,

317 2285 437 2350 amicos
452 2286 629 2350 discordiae
642 2290 675 2350 et
687 2287 915 2371 seminatores,

317 2396 490 2473 Imperator
503 2393 599 2456 hodie
613 2393 695 2456 inter
709 2396 868 2458 arcatores

318 2499 429 2563 luisset
441 2499 599 2563 Ecclesiae
610 2503 707 2580 atque
721 2501 914 2564 defensores.

317 2650 370 2712 lsti
383 2650 410 2713 si
420 2649 607 2730 pontificum
620 2668 687 2714 non
699 2650 764 2714 sint
776 2652 950 2734 electores,

298 2791 301 2798 ·
318 2755 425 2818 statim
436 2755 620 2836 eligentium
633 2760 709 2820 sunt
721 2759 965 2838 reprehensores

318 2866 351 2925 et
364 2864 481 2926 electos
494 2865 682 2945 reprobant,
696 2864 841 2945 quamvis
855 2865 1030 2929 sanctiores

318 2969 393 3050 ipsis
406 2970 487 3051 sint,
502 2973 534 3032 et
546 2969 645 3034 literis
658 2971 892 3037 eminentiores.

319 3121 487 3203 Advocati,
501 3122 616 3186 medici
628 3125 660 3186 et
673 3124 911 3204 procuratores,

319 3229 442 3290 tutores
454 3230 487 3289 et
497 3225 621 3308 judiees
632 3232 709 3291 sunt
719 3231 752 3290 et
762 3231 947 3309 curatores,

317 3333 488 3397 voluntatis
501 3334 630 3414 ultimae
640 3337 715 3398 emt
726 3333 943 3415 ordinatores,

317 3438 643 3517 iide[m]commissarii
654 3443 699 3516 (t)
711 3443 744 3502 et
755 3441 956 3504 executores.

317 3557 510 3652 Cunctorum
521 3591 743 3653 contractuum
755 3577 832 3652 sunt
844 3590 1055 3670 mediatores,

318 3695 499 3760 defensores
512 3696 679 3760 criminum
696 3699 728 3760 et
745 3695 946 3778 palliatores,

247 3937 275 3991 (l)
296 3935 327 3980 La
348 3935 543 3983 nouvelleeditlon
557 3935 627 3980 dedu
642 3933 718 3991 Gange
731 3949 761 3981 ne
796 3937 953 3994 Fidesruqos,
968 3935 1115 3992 Fideiussor,
1125 3933 1272 3991 Fidejotric,
1288 3933 1321 3978 n‘«

220 3997 265 4041 cite
276 4009 320 4053 qua
330 3996 560 4042 Fideicommiararis'
566 4011 574 4050 ,·
585 3997 642 4041 mais
650 3996 761 4052 plusieurs
797 3998 954 4044 demandatis.

220 4064 296 4104 autres
317 4060 403 4106 derives
427 4065 477 4105 sont
499 4060 580 4105 formes
602 4061 629 4103 de
649 4058 761 4103 l'ablatil:
