2662 4968
688 379 850 434 -lra-

312 513 387 558 narn
399 499 523 576 plebem
532 500 722 564 catholicam
735 502 768 564 et
778 501 896 566 bonam
907 502 1049 582 habetis3

311 603 448 667 credunt
457 606 653 686 evangeliis
665 611 699 670 et
713 612 833 672 sanctis
845 609 1017 690 prophetis.

1321 839 1322 906 l

1321 983 1322 1032 l

312 736 484 802 Adulantes
495 740 596 822 vitiis,
610 741 693 805 fiunt
704 761 800 806 canes
812 744 892 806 muti
904 793 913 825 ‚

313 843 389 906 dum
400 844 514 908 timent
523 848 662 928 pericula
675 849 856 913 immaniter
865 853 944 931 tuti,

311 953 361 1014 vel
375 951 429 1014 uhi
442 956 519 1016 sunt
528 954 658 1035 aliquod
668 975 787 1021 munus
797 958 953 1039 assecuti3

311 1057 361 1120 his
372 1059 577 1142 [d]exceptis,
590 1079 650 1126 nec
661 1062 738 1126 vitio
750 1065 783 1142 (l.
796 1067 881 1128 malo
891 1067 915 1144 i)
925 1067 1063 1146 parcunt
1075 1079 1137 1126 nec
1146 1060 1269 1126 virtuti.
1321 1057 1322 1128 l

311 1195 350 1254 Et
361 1193 425 1257 hoc
438 1196 588 1276 estquod
603 1195 729 1260 dixerat
739 1201 877 1263 Verbum
889 1198 1031 1263 veritatis
1045 1227 1052 1260 ι

311 1299 475 1364 occisores
486 1321 655 1384 corporum
667 1323 732 1368 non
745 1306 951 1386 pertimeatis.

311 1407 361 1472 Sic
371 1411 496 1472 Fratres
509 1411 634 1474 aridius
646 1431 713 1477 non
726 1414 840 1478 timent
849 1416 917 1490 (sic)
929 1413 1075 1492 armatis,

311 1514 366 1594 qui
378 1515 465 1596 ipsos
478 1517 653 1597 dilapidant
663 1521 767 1600 magis
780 1520 925 1584 caecatis.

311 1649 362 1713 Sic
376 1668 410 1712 se
424 1656 540 1730 gerunt
551 1654 690 1716 maxime
703 1654 737 1717 in
750 1653 811 1717 illis
825 1653 981 1718 contratis
994 1654 1036 1733 (1)

310 1755 364 1836 qui
375 1761 486 1820 carent
497 1760 676 1824 haereticae
687 1761 769 1841 (labe
776 1765 801 1836 l)
810 1759 974 1841 pravitatis
986 1785 995 1840 3

310 1865 367 1927 sed
377 1869 484 1945 partes
498 1867 651 1946 ltali[c]ae
664 1886 730 1931 non
742 1869 906 1948 inquirunt
919 1865 1014 1946 satis,

311 1973 366 2035 ubi
376 1973 487 2053 vulpes
496 1974 625 2036 latitant
634 1975 745 2038 caudis
756 1973 922 2038 intricatis.

311 2106 366 2171 llis
378 2107 444 2170 triti
457 2109 640 2172 verberibus
654 2113 686 2172 et
698 2109 806 2173 afflicti
825 2107 954 2190 poenis,

311 2224 404 2294 quade
413 2219 438 2291 l)
448 2216 555 2278 lerunt
567 2215 601 2278 in
612 2216 752 2297 prandiis
762 2220 888 2279 Fratres
902 2218 934 2278 et
948 2214 981 2276 in
994 2213 1103 2276 coenis
1115 2237 1124 2292 3

314 2323 350 2383 ut
358 2326 532 2401 (perpsaeva
545 2324 677 2386 verbera
689 2324 810 2403 pellant
819 2323 860 2385 ab
873 2323 983 2402 egenis

311 2427 529 2507 praedicatum
541 2433 706 2510 nequeunt
715 2430 762 2493 ire
775 2429 964 2494 Sanacenis.

312 2567 393 2630 Dum
405 2566 542 2642 parcunt
550 2563 658 2626 ltaliae
669 2566 726 2626 aut
736 2564 827 2626 timet
836 2565 868 2636 (l.
880 2563 1058 2639 timentesl)
1069 2563 1110 2626 de
1119 2565 1235 2642 morte,

313 2672 371 2733 aut
381 2668 416 2731 in
428 2670 519 2733 terris
530 2671 599 2733 aliis
610 2670 793 2751 pinguiores
808 2672 908 2751 forte,
1321 2651 1322 2668 ¹

313 2779 456 2840 cascatas
469 2777 643 2841 comedunt
655 2780 703 2858 et,
717 2781 791 2858 post
800 2777 911 2842 vinum
922 2779 1021 2858 lorte,

314 2882 478 2963 disputant
489 2883 529 2945 dc
539 2883 652 2946 Pontio
665 2885 723 2965 (2),
736 2887 872 2948 Placone
884 2886 919 2960 (l.
931 2886 1063 2947 Platone
1073 2885 1097 2962 i)
1110 2885 1162 2948 vel
1174 2885 1266 2946 sorte.

315 3015 482 3096 lnqnirnnt
495 3019 532 3078 nt
544 3015 668 3098 populis
678 3016 834 3080 inducant
845 3020 1017 3081 tremorem
1321 3073 1322 3100 p

315 3123 418 3204 magis
427 3142 525 3204 quam
535 3128 573 3186 nt
584 3125 724 3188 haeresis
735 3125 895 3205 appellant
903 3126 938 3202 (l.
949 3125 1142 3203 expellenti)
1153 3139 1304 3198 errorems
1321 3101 1322 3150 ³

316 3230 391 3312 quia
400 3231 493 3294 multi
503 3231 648 3294 tribuunt
658 3231 704 3294 eis
714 3249 772 3311 per
782 3230 944 3312 timorem,
1321 3239 1322 3248 ’

316 3338 375 3420 qui·
383 3338 428 3400 nil
439 3339 551 3402 darent
562 3340 690 3419 penitus
699 3338 775 3419 ipsis
786 3339 828 3401 ob
842 3354 992 3402 amorem.

317 3472 372 3534 Dei
384 3476 417 3536 et
428 3472 585 3536 Ecclesiae
594 3472 778 3536 simulantes
789 3474 910 3553 zelum,
1321 3385 1322 3474 }

319 3597 385 3643 non
395 3583 546 3643 verentur
555 3597 674 3659 ponere
688 3596 830 3642 ossuum
843 3579 877 3642 in
888 3579 1030 3660 coelum3

318 3690 352 3748 et
364 3704 472 3750 secum
480 3685 641 3768 ypocrcsis
653 3687 685 3766 (l.
702 3685 889 3766 hypocrisis)
904 3686 1110 3766 deportantes
1127 3687 1222 3752 velim
1232 3687 1263 3764 (l.
1274 3701 1319 3746 ve·

319 3796 502 3858 excolantes
517 3792 647 3856 calicem
659 3791 799 3872 glutiunt
809 3795 977 3857 carnelum.
1229 3792 1309 3869 [iuml

251 4050 413 4108 (ildontrtes,
427 4050 501 4106 P⁸l⁵3
514 4049 762 4094 enitalimcostrado.
826 4050 855 4105 (9)
869 4049 1129 4094 Probahlemcntl’onea
1143 4049 1223 4094 Pilate.
