2698 4970
685 491 723 498 ...
739 463 775 515 gg
791 491 828 499 .-

237 599 330 648 mons
356 583 401 648 Or
421 584 603 648 nominatur
612 587 666 665 (1),
680 586 772 646 -ab
796 585 960 666 utriusque
982 601 1079 646 sexus
1102 585 1228 647 duobus
1247 586 1304 647 vir-

237 690 364 770 ginibus
377 689 550 780 inuenitur,
565 727 604 735 -
618 708 673 771 per
687 691 825 770 aquilam
839 691 1030 773 ostenditur,
1041 728 1082 738 -
1095 711 1114 754 a
1125 691 1258 755 Domino
1272 691 1303 752 de

237 794 335 857 coelis
348 800 562 860 consecratur.

197 913 231 970 ln
244 912 354 971 monte
365 911 408 972 Or
419 928 475 990 per
488 911 626 991 aquilam
639 912 681 974 ad
695 911 898 976 serviendum
912 915 975 974 lleo
997 908 1190 973 describitur
1202 911 1302 987 locus,

236 1016 419 1096 -inquo
443 1018 627 1083 renovanda
647 1021 716 1080 erat
740 1017 856 1081 veteris
879 1015 1034 1097 bominis,
1062 1016 1146 1080 sicut
1171 1016 1305 1096 aquilae.

233 1123 396 1200 juventus.

195 1235 256 1297 Sed
270 1253 311 1298 nc
325 1237 386 1298 boc
406 1236 511 1316 aliquo
530 1255 607 1301 casu
621 1238 794 1318 contigisse
814 1239 854 1302 ab
878 1238 1050 1302 incredulis
1062 1237 1259 1316 crederetur,
1275 1271 1309 1282 -

178 1421 180 1428 Α
236 1338 287 1403 die
306 1340 445 1418 natalils]
464 1343 604 1423 bomini,
628 1361 702 1406 cum
724 1361 790 1406 nox
814 1343 1041 1408 detrimentum
1064 1343 1184 1423 patitur
1209 1345 1242 1404 et
1261 1344 1308 1403 lur

235 1449 384 1526 augetur,
397 1449 437 1491 ¹—-
452 1447 681 1528 quadriennio‚
697 1446 851 1510 continuo
866 1465 960 1527 super
981 1446 1136 1527 volando,
1151 1449 1311 1509 monaste-

236 1551 318 1612 rium
332 1553 465 1615 circuire
478 1553 590 1616 cadem
604 1553 721 1634 aquila,
736 1551 925 1616 mirantibus
938 1549 1097 1632 plurimiS,
1113 1551 1310 1613 cernebatur.

197 1675 284 1745 Quae
302 1690 377 1737 vero
391 1673 544 1736 virtutum
557 1692 672 1754 opera,
687 1677 862 1754 -quanta
879 1673 1109 1736 miraculorum
1124 1671 1266 1752 insignia
1279 1707 1312 1714 -

237 1779 359 1859 peregit
379 1778 454 1841 inibi
475 1779 565 1842 miles
583 1780 698 1842 Christi
716 1778 929 1860 TeudericuS‚
944 1814 985 1824 -
997 1780 1189 1841 nosternon
1204 1776 1314 1840 sufficit

236 1901 292 1963 per
305 1883 431 1961 singula
443 1900 588 1963 quaeque
601 1884 833 1946 sermunculus.

198 2009 272 2068 Post
285 2007 393 2067 autem
405 2021 471 2068 non
484 2003 576 2064 multi
594 2019 775 2066 successum
796 2001 963 2082 temporis,
977 2033 1017 2044 --
1029 2017 1104 2062 oum
1124 1999 1316 2062 leudericus

238 2108 461 2188 presbyteralis
477 2107 598 2169 subiret
613 2122 695 2169 onus
708 2105 850 2186 honoris
861 2105 1040 2185 -implere
1053 2106 1167 2168 volens
1181 2103 1318 2166 officium

240 2215 426 2295 sacerdotis,
448 2251 488 2260 -
511 2213 615 2293 coepit
633 2212 782 2275 omnibus
804 2210 977 2290 praedicari
992 2213 1245 2290 (siclpraccepta
1269 2227 1318 2270 sa-

239 2320 323 2382 lutis.

198 2440 317 2504 Dehinc
340 2439 517 2520 specialiter
539 2436 643 2515 tangit
668 2435 809 2496 animum
833 2433 989 2514 piissimae
1009 2436 1106 2513 prolis
1125 2471 1167 2482 -
1186 2433 1320 2498 lllarcadi

240 2562 333 2624 eura,
348 2541 501 2606 carissimi
517 2539 679 2620 genitoris.

200 2667 295 2730 lilius
317 2665 442 2746 sapiens
464 2661 615 2724 lactilicat
636 2663 759 2739 patrem
772 2693 812 2704 -
826 2661 858 2719 et
871 2658 961 2719 coelo
975 2660 1145 2736 regenerat
1163 2673 1200 2718 sc
1225 2673 1322 2736 gene-

240 2776 383 2848 rantem3
400 2806 434 2818 -
450 2769 490 2831 dc
503 2768 585 2830 laico
597 2765 812 2846 monachum,
831 2799 871 2809 —
892 2763 931 2825 de
944 2764 1069 2824 latrone
1089 2761 1240 2824 datorem
1264 2764 1323 2824 lar-

243 2874 425 2954 gissimum,
442 2910 475 2918 -
494 2870 638 2933 deservo
653 2869 768 2932 diaboli
779 2866 892 2931 Christi
905 2865 979 2929 fecit
990 2865 1165 2944 liber(t)um
1178 2872 1235 2946 (2).

203 3002 238 3060 ln
251 2996 311 3058 illis
322 2995 420 3075 igitur
432 2993 543 3057 diebus
556 3041 563 3073 ,
581 2993 619 3056 dc
631 2995 743 3054 saneto
758 2987 931 3051 Teuderico
943 3023 983 3031 —-
997 2990 1107 3048 sancta
1119 3005 1177 3066 per
1192 2989 1324 3068 populos

244 3101 467 3179 divulgabatur
487 3096 609 3178 opinio⁷
635 3133 672 3144 -
695 3098 795 3157 utne
817 3093 914 3155 veluti
937 3093 1068 3155 lucerna
1091 3097 1247 3157 contecta
1272 3095 1324 3157 sub

243 3215 412 3296 modio,—-
423 3214 481 3276 sed
491 3212 673 3275 bominibus
683 3211 805 3272 luceret
815 3207 848 3270 in
860 3206 1213 3286 mund03-quantum
1227 3209 1325 3270 suerat

244 3320 386 3384 sublimis
400 3319 536 3397 meritis,
549 3354 589 3362 -
602 3319 729 3379 tantum
743 3315 863 3376 clarere
885 3311 990 3392 coepit
1002 3309 1137 3390 insignis
1151 3310 1324 3373 miraculis.

206 3448 281 3524 Ejus
294 3458 432 3522 namquo
450 3437 631 3501 beatissima
645 3437 729 3496 fama
743 3469 783 3478 -
797 3437 984 3512 pervenerat
1005 3449 1106 3510 usque
1127 3430 1171 3492 ad
1186 3435 1328 3494 Franco-

245 3567 316 3613 rum
338 3547 423 3626 regis
436 3542 563 3625 palatia.

232 3743 260 3798 (ll
274 3734 478 3785 habenulam-il
487 3731 558 3777 ecrire
570 3729 619 3774 lior
632 3739 718 3773 comme
727 3726 747 3771 le
782 3729 802 3770 lc
821 3726 874 3781 ptre
890 3723 1004 3780 s'appelait
1016 3723 1157 3768 Marclrard:
1174 3723 1205 3769 m
1222 3725 1292 3781 quia,
1311 3731 1332 3769 ul

204 3816 256 3848 nom
274 3803 301 3847 de
313 3803 334 3846 la
348 3805 467 3853 montagne
483 3795 510 3838 de
526 3790 747 3842 latrabis-Peuce,
783 3788 892 3843 scriplum
908 3792 957 3835 est,
979 3785 1036 3828 lilius
1058 3785 1150 3841 sapiens
1171 3787 1285 3832 laetificat
1299 3800 1332 3842 pa·

205 3866 282 3911 doulil
291 3870 325 3909 cst
335 3861 440 3919 question
454 3858 509 3902 daus
523 3852 627 3905 blisceto,
638 3852 674 3895 cb.
684 3863 745 3898 arn,
784 3857 856 3902 trem,
870 3854 893 3892 ol
911 3847 972 3892 coelo
991 3853 1111 3901 regenerat
1128 3859 1154 3892 sc
1172 3853 1334 3904 generantem

205 3941 228 3972 v.
242 3931 270 3982 63
289 3939 329 3971 car
348 3937 377 3968 on
395 3922 420 3965 lit
436 3920 492 3963 dans
510 3917 530 3960 la
547 3914 589 3957 Vie
607 3912 694 3970 publice
708 3924 748 3967 par
784 3923 874 3966 compos
885 3911 919 3954 sui
933 3909 1035 3953 desiderii
1047 3909 1151 3960 effectus,
1167 3911 1195 3952 de
1209 3909 1274 3953 laico
1290 3921 1335 3953 mo·

206 3985 394 4039 mabillonium,
411 3981 478 4026 siecle
495 3979 515 4032 l,
527 3992 548 4033 p.
558 3982 613 4020 617:
630 3977 661 4021 Or
675 3975 747 4030 siqui·
784 3974 893 4021 nachum,
914 3972 940 4014 dc
959 3971 1010 4026 lupo
1027 3983 1108 4024 orem,
1121 3971 1148 4014 de
1163 3971 1256 4015 latrone
1271 3972 1334 4014 dato-

113 4093 119 4108 ,
206 4053 257 4095 dem
275 4050 349 4094 lumen
364 4046 399 4089 vel
413 4041 545 4092 iracundia,
564 4039 611 4082 sive
630 4043 749 4081 montanus
784 4047 831 4079 rem
841 4032 991 4087 largissimum
1002 4039 1025 4076 el
1038 4033 1065 4076 de
1077 4043 1144 4076 servo
1153 4033 1244 4076 diaboli
1256 4031 1335 4078 Christi

206 4115 382 4168 mmmmm„
785 4096 838 4141 lecit
856 4094 975 4166 libertum}
994 4095 1051 4164 dclc
1073 4094 1221 4138 solaciorum
1241 4095 1336 4139 ordinis

235 4175 262 4228 (ul
278 4173 371 4216 Salvam
384 4170 404 4211 la
418 4166 458 4210 Vir·
477 4163 563 4222 publiic
577 4173 617 4216 pur
629 4159 747 4211 llabillon,
786 4154 1014 4207 Sancte-Benedicti,
1028 4155 1094 4198 siecle
1105 4155 1123 4210 l,
1138 4167 1160 4211 p.
1174 4161 1227 4199 617.
