2676 4968
682 385 848 449 440„-

460 513 671 574 instrumento
683 528 749 574 non
760 510 931 591 indigcas,

458 633 563 698 noque
574 619 681 683 themu
695 616 885 695 discutiens,

401 726 469 788 solo
483 727 597 790 cuncto
611 725 751 804 comples
761 721 913 804 imperio,

400 830 481 894 dicis
494 857 502 894 ι
520 830 609 895 Fiant
622 830 629 893 Ξ
645 834 678 894 et
689 830 772 894 liunt
785 829 880 893 illico.

461 965 579 1026 Auctor
592 979 626 1026 es
639 961 948 1044 praestantissimus,

460 1068 660 1150 omnipotens
672 1085 731 1132 nec
746 1069 893 1132 tremulus
904 1069 939 1143 (l.
950 1068 1131 1147 aemulus),

402 1179 527 1240 tuntum
540 1193 618 1256 ergo
629 1193 712 1257 quae
722 1175 763 1253 (l)
775 1173 853 1239 tacis
864 1171 987 1255 omnia,

402 1287 558 1365 quantum
572 1283 664 1348 deest
675 1281 753 1346 iacis
766 1281 893 1344 eximis.

462 1420 559 1497 Cujus
572 1415 657 1478 enim
667 1413 824 1497 judicium

465 1539 530 1586 non
543 1525 652 1586 censet
663 1521 739 1584 huic
750 1519 917 1601 imperium
928 1523 990 1602 (2),

404 1632 458 1714 qui
473 1629 677 1696 commodum
688 1629 825 1694 scienter
837 1627 1015 1707 subtrahit,

403 1740 490 1820 quod
503 1756 564 1803 neo
575 1741 688 1820 gravat
701 1738 830 1804 tandem
843 1755 904 1801 nec
918 1734 1056 1800 minuit?

463 1870 513 1934 Fit
526 1888 604 1951 ergo
615 1871 758 1936 mundus
766 1869 907 1952 optimus

463 1995 501 2042 sc
513 1979 673 2058 perlectus
686 1976 720 2041 in
731 1975 879 2042 omnibus
892 2001 900 2056 3

404 2083 441 2146 ut
453 2084 610 2166 pondere,
625 2100 795 2165 mensuro,
811 2098 966 2160 numero,

404 2208 445 2254 ne
456 2190 582 2254 vacillet
594 2191 629 2254 in
642 2208 805 2272 quoqunm
817 2188 910 2252 ratio.

463 2327 549 2404 opus
560 2325 694 2406 dignum
707 2325 838 2406 opifice,

464 2433 651 2511 pulchrum,
665 2430 901 2513 indissolubile,

405 2537 446 2599 ud
459 2540 621 2620 exemplar
633 2540 670 2602 lit
683 2539 965 2620 perfectissimum,

405 2641 506 2706 instar
516 2649 632 2709 cuncta
646 2643 841 2712 concludens
855 2644 1026 2725 optimum.

464 2785 527 2842 Nec
540 2777 664 2840 minore
675 2775 853 2857 disponitur

464 2884 607 2949 bonitate
620 2902 717 2966 quam
730 2884 879 2948 conditur
891 2911 899 2965 3

406 2992 562 3075 quidquid
576 2993 658 3057 male
673 2991 755 3075 gerit
766 2990 935 3072 iniquitas,

407 3119 531 3164 summa
541 3103 624 3165 bene
637 3099 777 3182 disponit
787 3098 958 3196 nequitus*

393 3242 413 3299 S
499 3240 638 3316 tpernes
651 3239 715 3300 [leo
730 3233 848 3316 gloria,

466 3359 507 3404 ex
519 3359 585 3423 quo
599 3343 675 3403 sunt
684 3358 768 3424 quae
781 3343 857 3404 sunt
867 3340 999 3404 ommni

406 3451 510 3531 ipsum
523 3456 639 3517 cuncto
651 3470 710 3534 per
722 3470 819 3534 quem
831 3456 908 3517 sunt
919 3453 1126 3535 praedicent,

399 3558 464 3637 ipsi
478 3576 602 3641 sempor
615 3559 648 3623 in
662 3577 727 3640 quo
741 3562 817 3622 sunt
827 3558 986 3640 jubilent!
1004 3563 1112 3623 brnen.

242 3878 271 3934 (l)
285 3875 347 3922 Sunt
356 3880 391 3920 est
400 3874 582 3931 sous-culeum,
593 3887 662 3932 νοω
674 3875 697 3920 lu
706 3874 758 3920 dor·
794 3873 961 3932 probollemsnr
974 3887 1061 3934 quom:
1075 3885 1102 3920 ce
1112 3875 1154 3931 qui
1167 3886 1198 3920 nu
1213 3875 1286 3922 terne
1299 3890 1337 3922 as-

214 3937 275 3984 nidrc
289 3937 387 3996 strophe.
795 3949 838 3982 cun
850 3949 902 3982 sens
913 3943 936 3984 sl
949 3937 1022 3984 doum
1033 3949 1063 3982 su
1074 3936 1159 3982 secund
1170 3949 1227 3984 ress
1239 3950 1284 3984 une
1294 3939 1337 3996 syl·

241 3999 271 4054 ln)
284 3997 303 4042 il
317 4011 331 4055 y
346 3997 427 4046 ndens
441 4005 505 4044 notre
520 3997 583 4053 cupis
597 3996 668 4044 illuns
681 3997 758 4054 lsspe-
793 3997 884 4044 libolo
897 4005 962 4056 trent
976 3999 1034 4046 rnsis
1047 3999 1067 4044 is
1081 3998 1215 4044 restitutioni
1230 4012 1274 4057 qus
1287 4011 1337 4048 nou

215 4057 281 4105 rium
294 4066 317 4106 ct
331 4073 361 4106 un
375 4053 390 4118 ᾇ
403 4060 457 4106 dont
478 4060 498 4106 ts
517 4070 590 4117 queue
608 4066 642 4106 cst
662 4060 754 4116 barrto,
794 4071 916 4118 proruunt
929 4060 1134 4111 anennoeton
1145 4067 1264 4118 memte.
