2672 4968
480 413 646 468 417-

235 537 338 597 totum
353 537 509 596 monstrat
524 535 749 615 administris,
857 587 862 600 .

313 640 400 720 quod
413 639 488 703 fecit
501 642 655 731 convivia.

233 781 298 838 Hoc
312 778 361 838 esi
373 792 480 838 meum
494 777 685 859 consulam,

235 881 321 960 quod
334 882 504 960 utrumque
523 880 705 964 deponam,

237 988 270 1048 et
281 985 396 1049 Prioris
410 990 443 1049 et
456 985 603 1068 Abbatis,

317 1090 358 1154 ad
371 1107 428 1152 sua
441 1089 563 1170 piloria.

238 1238 296 1295 Per
309 1233 372 1296 hoc
385 1233 446 1295 erit
459 1233 638 1315 castigatis,

239 1339 343 1400 omnis
356 1342 465 1402 nosoer
478 1338 671 1420 subjugatis,

239 1439 341 1521 Prior,
356 1442 484 1520 CleruS,
500 1443 533 1502 at
547 1441 694 1521 Amatis,

317 1563 357 1608 ne
370 1548 440 1625 plus
453 1550 565 1628 potent
578 1546 684 1610 nimia.

238 1695 342 1759 Absit!
359 1695 435 1760 dicit
448 1697 528 1760 alter
540 1699 662 1780 clerus,

240 1801 314 1882 quia
327 1800 406 1863 bibit
418 1819 531 1881 parum
544 1819 669 1883 meruS,

240 1904 327 1985 quod
344 1904 474 1984 punitur
487 1908 553 1968 tam
565 1923 696 1970 severus

320 2025 376 2089 per
389 2013 497 2073 noster
510 2010 679 2074 consortia.

242 2146 330 2218 Esset
342 2143 427 2207 enim
440 2146 519 2207 haec
532 2143 650 2226 riotuS‚

242 2249 329 2330 quod
341 2267 399 2332 pro
412 2251 529 2312 stultus
541 2251 656 2314 horum
669 2254 784 2331 potus,

241 2355 414 2420 sustineret
427 2357 530 2418 clerus
545 2359 631 2420 totus

319 2460 423 2541 pudor
436 2463 468 2522 et
481 2460 652 2524 scandah'a.

241 2600 358 2662 Volunt
367 2615 478 2661 omnes
490 2599 619 2679 quidem
629 2601 719 2680 jura,

241 2702 327 2780 quod
339 2719 396 2782 per
408 2719 516 2766 meum
529 2704 702 2768 ioriectura

243 2807 322 2869 alter
333 2808 440 2870 nullus
452 2809 513 2870 sert
525 2809 669 2888 laesura,

323 2912 380 2975 sed
391 2929 449 2994 pro
460 2929 517 2976 sua
531 2911 619 2976 vitia.

243 3049 304 3113 sed
315 3049 360 3114 sic
371 3047 468 3112 instat
480 3049 513 3113 in
526 3050 674 3133 privatiS,
703 3103 705 3107 .

244 3152 363 3216 bissex
376 3170 500 3218 marcas
514 3154 569 3218 det
582 3156 710 3219 Abbaiis
723 3207 731 3236 ,

244 3256 333 3320 Prior
344 3256 450 3338 deniS‚
465 3261 560 3320 otest
570 3260 662 3339 satis,

137 3353 146 3380 '
323 3360 360 3420 ut
372 3375 437 3422 non
449 3359 490 3422 sit
502 3358 643 3422 infamia.

244 3493 350 3555 Placet
363 3494 425 3557 hoc
437 3495 478 3556 ad
492 3511 551 3558 nos
562 3495 709 3577 mistis,

247 3594 324 3659 dent
338 3596 542 3678 adpraesens
555 3617 704 3663 nummos
718 3600 809 3681 istis⁷

249 3701 306 3764 sed
316 3701 342 3764 si
356 3705 488 3785 potant,
503 3708 540 3768 ut
550 3705 701 3788 audistis,

329 3825 493 3889 nunquam
504 3811 601 3874 habet
614 3829 738 3892 supera.

250 3944 333 4008 Dixit
344 3946 447 4010 Abbas
459 3946 501 4009 ad
514 3947 649 4011 Prioris:

249 4051 327 4110 Date
337 4050 414 4138 mihi
426 4053 466 4115 de
477 4053 628 4134 liquoris,
