2676 4968
471 429 582 488 -425
597 460 637 472 ⁴·-

291 556 386 618 ludit
396 559 428 618 el
441 556 571 636 suspicit

290 667 393 742 puella
407 665 555 727 nuntium
567 696 576 745 ·‚

290 769 392 832 eredit
403 773 436 832 et
448 769 586 850 concipit

231 907 233 910 ·
290 877 551 956 elparilfilium,

289 983 346 1046 sed
359 983 575 1048 admirabilem
588 986 629 1062 (l)
646 1011 654 1063 3

288 1115 507 1179 consiliarium

288 1225 419 1292 humani
431 1223 557 1307 generis

287 1337 320 1396 et
336 1339 434 1398 Deum
449 1337 579 1399 fortium

286 1444 471 1522 patremque
484 1442 618 1522 posteris

286 1547 321 1609 in
333 1566 412 1628 paee
425 1549 580 1613 stabilem.

287 1683 383 1763 Cujus
395 1682 550 1746 stabilitas

286 1803 346 1852 nos
359 1788 473 1852 reddet
483 1789 627 1871 stabiles,

286 1911 327 1957 ne
340 1911 400 1958 nos
413 1895 550 1960 labilitas

285 2001 425 2065 humana
438 2002 549 2066 labiles

285 2124 396 2171 seeum
409 2110 612 2192 praeeipitet3

286 2242 349 2304 Sed
363 2242 455 2306 dator
468 2243 598 2323 veniae,

285 2365 437 2412 concessa
450 2349 561 2431 venia,

283 2471 340 2532 per
352 2458 487 2520 matrem
500 2456 642 2538 gratiae,

284 2562 415 2640 ebionis
429 2564 546 2646 gratia,

285 2669 317 2732 in
329 2669 421 2734 nohis
432 2670 553 2736 habitet
565 2673 573 2734 l

283 2804 400 2865 Natura
420 2805 573 2883 premitur

283 2906 316 2968 in
330 2911 423 2986 partu
438 2911 570 2990 virginis
583 2961 591 2991 ‚

282 3029 341 3074 rex
353 3029 466 3094 regum
476 3016 633 3098 nascitur,

284 3119 348 3183 vim
361 3121 468 3186 celans
482 3125 641 3206 numinis,

284 3232 316 3290 et
327 3232 432 3292 rector
443 3249 593 3311 superum
606 3237 657 3312 (2).

282 3361 341 3437 Qui
356 3363 447 3426 nobis
461 3364 583 3428 tribuat

281 3471 403 3550 peccati
416 3471 541 3535 veniam
553 3519 561 3552 ,

274 3579 389 3660 ⁸reatus
406 3578 507 3640 diluat

283 3687 316 3745 et
329 3686 426 3747 donet
437 3686 572 3764 patriam

283 3789 317 3852 in
330 3808 403 3854 aree
417 3791 575 3856 siderum!

6 3997 18 4052 )
50 3991 107 4036 Les
128 3990 188 4034 deux
210 3990 312 4046 strophas
332 3992 530 4048 correspondentes
566 3989 607 4036 lois
620 3993 680 4037 aussi
695 4005 735 4051 par
749 3995 770 4040 le
783 3999 1108 4057 semeipsilsgrmmelre.

2 4058 94 4104 aient
114 4063 170 4109 pas,
185 4063 272 4096 somme
285 4064 314 4097 on
330 4054 390 4108 voit,
408 4055 531 4099 seulement
591 4054 621 4109 (2)
634 4054 692 4100 G'esi
705 4055 727 4100 la
739 4061 829 4116 strophe
839 4062 877 4120 qui
890 4074 918 4108 ne
932 4074 957 4108 se
973 4067 1053 4109 trouve
1064 4072 1109 4120 que

2 4133 9 4163 ι
26 4126 91 4175 par
98 4113 120 4158 le
126 4112 243 4168 rhythme3
254 4113 410 4160 ellesl’elaienl
417 4117 531 4173 quelque·
566 4113 621 4160 dans
632 4115 662 4161 du
674 4116 771 4164 Ghesns.
