2676 4968
695 460 859 520 ..upp-

472 573 556 636 Dixli
569 601 576 637 a
592 579 710 648 Δικαιως
720 585 781 662 (i)!
797 588 882 651 silei&
895 595 989 675 sunt3
1020 645 1022 654 .

472 681 637 746 mandavit
647 689 681 747 et
693 693 801 753 ereata
815 698 910 778 sunt3

412 801 527 864 magna
541 787 634 853 simul
649 797 787 875 complet
799 803 833 862 et
843 804 970 870 modica
983 831 993 888 3

411 889 461 951 eui
477 896 553 955 sunt
566 913 668 978 aeque
681 907 798 968 cuneta
813 908 928 976 laellia.

470 1025 516 1089 Sit
528 1047 641 1114 perpes
654 1037 718 1100 Deo
730 1039 847 1126 gloria,
862 1047 924 1108 ete.

734 1279 808 1340 Vlll.

466 1457 550 1518 Laus
563 1455 662 1521 instat
674 1467 784 1528 sextae
798 1467 913 1551 leriae,

467 1578 526 1640 pro
542 1581 605 1643 qua
620 1565 778 1634 debentur
790 1573 890 1657 aliae,

406 1684 471 1745 qua
483 1669 639 1735 formatur
652 1674 749 1740 homo
763 1679 974 1767 novissimus,

408 1777 604 1856 praeparatis
617 1779 646 1842 ei
656 1783 725 1862 jam
736 1785 894 1852 omnibus.

466 1915 531 1974 llao
544 1911 577 1975 in
591 1913 663 1978 luce
677 1919 837 1983 terrestria

465 2023 619 2082 creantur·
628 2022 804 2090 animantia
818 2061 826 2108 3

406 2139 502 2187 omne
520 2128 623 2190 terrae
638 2128 679 2192 de
692 2132 776 2193 terra
790 2135 919 2218 reptile,

407 2247 502 2294 omne
516 2249 618 2312 genus
630 2237 791 2315 profertur
801 2241 932 2306 bestiae.

466 2364 513 2427 Fit
525 2367 668 2430 omnium
682 2366 874 2437 novissimus

464 2470 561 2536 homo
575 2473 629 2554 qui
643 2477 761 2556 praesit
772 2480 920 2546 omnibus
935 2512 943 2546 ι

298 2596 300 2601 ’
405 2576 447 2638 ad
461 2578 548 2643 hunc
562 2585 678 2646 cuneta
692 2587 879 2665 spectabant
893 2591 1062 2658 terminum

406 2688 558 2764 tanquam
570 2687 668 2751 linem
679 2695 869 2758 cunctorum
882 2695 1020 2762 unicum.

1073 2647 1082 2677 Ἰ

464 2821 612 2884 Summus
625 2825 751 2888 creator
763 2827 907 2893 ommuni
921 2879 929 2912 ,

464 2923 498 2986 in
511 2944 575 3006 quo
588 2944 712 2992 summa
728 2936 793 2995 stat
805 2952 936 3015 operum
949 2939 957 2999 Ξ

404 3035 439 3094 ln
453 3032 516 3098 hoe
529 3037 633 3100 omnis
646 3042 793 3120 expletur
805 3046 941 3110 termino

403 3139 525 3203 consilii
537 3142 636 3208 divini
649 3145 749 3210 ratio!

461 3277 527 3337 lloe
540 3294 641 3340 unum
654 3280 775 3359 plasma
788 3285 912 3374 nobile,

461 3378 494 3440 in
510 3399 575 3460 quo
589 3385 775 3468 resplendit,
791 3393 942 3473 Domine,

401 3481 479 3546 illud
493 3487 567 3549 tuae
582 3489 680 3554 decus
691 3491 840 3575 imaginis

400 3591 434 3650 et
447 3590 548 3668 gloria
561 3593 794 3665 similitudinis!

231 3866 259 3921 (1)
280 3865 297 3910 ll
312 3878 325 3922 y
344 3879 357 3910 a
375 3867 431 3912 dans
449 3870 469 3913 le
488 3874 612 3918 manuscrit
626 3869 701 3931 ὃιχηω
716 3891 745 3923 ou
782 3887 861 3928 trouve
875 3885 985 3935 d¹ailleurs
997 3903 1021 3935 sa
1033 3893 1109 3938 raison
1119 3895 1180 3942 dans
1196 3899 1219 3946 la
1232 3900 1328 3948 aarum

205 3919 309 3982 διχηω;;
326 3939 382 3972 noos
395 3942 466 3974 avons
484 3944 524 3976 eru
538 3934 617 3980 devoir
630 3949 642 3993 y
658 3940 745 3984 substi-
761 3989 765 3998 ¹
781 3943 817 4000 ily
831 3957 844 3990 a
856 3947 913 3992 dans
924 3949 1022 3996 l'lrdbreu
1031 3953 1097 3999 Dico
1107 3958 1147 4002 eit
1156 3973 1209 4017 pue
1216 3963 1329 4008 echiteit

204 3984 380 4037 inordinatim:
396 3989 416 4034 le
429 4003 444 4036 ι
457 3994 520 4038 avait
529 3993 543 4039 t
552 4008 595 4052 peu
606 3999 657 4054 prta
672 3998 691 4044 le
705 4013 744 4046 son
780 4003 824 4050 bon
838 4020 893 4063 pour
907 4009 972 4055 Βίου
988 4014 1056 4069 erdo,
1071 4021 1094 4060 at
1107 4017 1129 4063 le
1141 4033 1201 4076 gree
1221 4026 1256 4069 dit
1274 4026 1327 4069 aussi

203 4049 233 4093 du
245 4062 276 4101 x,
295 4057 318 4096 et
336 4052 356 4096 la
373 4053 525 4111 diphthongus
544 4069 569 4103 ar
583 4071 607 4104 se
621 4065 744 4120 rapproelre
780 4075 808 4112 en
827 4071 937 4126 plusieurs
950 4075 1071 4122 endroits:
1089 4089 1131 4124 και
1151 4079 1219 4128 εἶδεν
1236 4084 1251 4130 ὁ
1270 4082 1327 4136 leoz.

204 4123 232 4156 en
246 4111 344 4168 lranpaie
356 4114 386 4159 du
399 4125 440 4160 son
452 4116 480 4162 de
491 4117 520 4162 l'a
533 4117 590 4175 long.
607 4121 670 4168 Cane
681 4124 744 4179 lepori
780 4125 817 4172 ὁτι
830 4127 914 4177 aelel.
