<?xml version="1.0" encoding="UTF-8"?>
<!DOCTYPE html PUBLIC "-//W3C//DTD XHTML 1.0 Transitional//EN"
    "http://www.w3.org/TR/xhtml1/DTD/xhtml1-transitional.dtd">
<html xmlns="http://www.w3.org/1999/xhtml" xml:lang="en" lang="en">
 <head>
  <title>
</title>
<meta http-equiv="Content-Type" content="text/html;charset=utf-8" />
  <meta name='ocr-system' content='tesseract 3.04.00' />
  <meta name='ocr-capabilities' content='ocr_page ocr_carea ocr_par ocr_line ocrx_word'/>
</head>
<body>
  <div class='ocr_page' id='page_1' title='image "./posiespopulaire03mrgoog/posiespopulaire03mrgoog_0224.png"; bbox 0 0 2672 4968; ppageno 0'>
   <div class='ocr_carea' id='block_1_1' title="bbox 436 426 844 737">
    <p class='ocr_par' dir='ltr' id='par_1_1' title="bbox 436 426 844 737">
     <span class='ocr_line' id='line_1_1' title="bbox 680 426 844 482; baseline 0.024 -18"><span class='ocrx_word' id='word_1_1' title='bbox 680 452 720 464; x_wconf 60' lang='lat'><strong>.-</strong></span> <span class='ocrx_word' id='word_1_2' title='bbox 734 426 791 482; x_wconf 56' lang='grc' dir='ltr'><strong>Μ</strong></span> <span class='ocrx_word' id='word_1_3' title='bbox 804 457 844 468; x_wconf 81' lang='grc'>-</span> 
     </span>
     <span class='ocr_line' id='line_1_2' title="bbox 436 549 781 634; baseline 0.023 -26"><span class='ocrx_word' id='word_1_4' title='bbox 436 549 781 634; x_wconf 78' lang='lat' dir='ltr'><strong>statuseritmeiioris,</strong></span> 
     </span>
     <span class='ocr_line' id='line_1_3' title="bbox 517 652 835 737; baseline 0.013 -23"><span class='ocrx_word' id='word_1_5' title='bbox 517 652 542 715; x_wconf 87' lang='lat' dir='ltr'><strong>si</strong></span> <span class='ocrx_word' id='word_1_6' title='bbox 557 655 709 731; x_wconf 86' lang='lat' dir='ltr'><strong>h(eb)ebit</strong></span> <span class='ocrx_word' id='word_1_7' title='bbox 723 658 835 737; x_wconf 74' lang='lat' dir='ltr'><strong>gratia.</strong></span> 
     </span>
    </p>
   </div>
   <div class='ocr_carea' id='block_1_2' title="bbox 434 790 859 1187">
    <p class='ocr_par' dir='ltr' id='par_1_2' title="bbox 434 790 831 862">
     <span class='ocr_line' id='line_1_4' title="bbox 434 790 831 862; baseline 0.01 -9"><span class='ocrx_word' id='word_1_8' title='bbox 434 790 518 854; x_wconf 81' lang='lat' dir='ltr'><strong>Dixit</strong></span> <span class='ocrx_word' id='word_1_9' title='bbox 531 791 619 856; x_wconf 83' lang='lat' dir='ltr'>Prior</span> <span class='ocrx_word' id='word_1_10' title='bbox 632 795 673 858; x_wconf 81' lang='lat' dir='ltr'><strong>ad</strong></span> <span class='ocrx_word' id='word_1_11' title='bbox 687 793 831 862; x_wconf 57' lang='lat' dir='ltr'><strong>abbatia</strong></span> 
     </span>
    </p>

    <p class='ocr_par' dir='ltr' id='par_1_3' title="bbox 434 895 840 981">
     <span class='ocr_line' id='line_1_5' title="bbox 434 895 840 981; baseline 0.015 -25"><span class='ocrx_word' id='word_1_12' title='bbox 434 896 535 958; x_wconf 89' lang='lat' dir='ltr'><strong>Habes</strong></span> <span class='ocrx_word' id='word_1_13' title='bbox 548 897 644 960; x_wconf 84' lang='lat' dir='ltr'><strong>moda</strong></span> <span class='ocrx_word' id='word_1_14' title='bbox 657 895 731 961; x_wconf 73' lang='lat' dir='ltr'><strong>piae</strong></span> <span class='ocrx_word' id='word_1_15' title='bbox 745 899 840 981; x_wconf 78' lang='lat' dir='ltr'><strong>satie,</strong></span> 
     </span>
    </p>

    <p class='ocr_par' dir='ltr' id='par_1_4' title="bbox 434 1002 859 1187">
     <span class='ocr_line' id='line_1_6' title="bbox 434 1002 851 1085; baseline 0.014 -24"><span class='ocrx_word' id='word_1_16' title='bbox 434 1016 499 1062; x_wconf 87' lang='lat' dir='ltr'><strong>non</strong></span> <span class='ocrx_word' id='word_1_17' title='bbox 513 1003 561 1064; x_wconf 88' lang='lat' dir='ltr'><strong>est</strong></span> <span class='ocrx_word' id='word_1_18' title='bbox 570 1002 691 1065; x_wconf 90' lang='lat' dir='ltr'><strong>bonum</strong></span> <span class='ocrx_word' id='word_1_19' title='bbox 705 1003 851 1085; x_wconf 69' lang='lat' dir='ltr'><strong>ebriatis,</strong></span> 
     </span>
     <span class='ocr_line' id='line_1_7' title="bbox 513 1105 859 1187; baseline 0 -21"><span class='ocrx_word' id='word_1_20' title='bbox 513 1105 559 1168; x_wconf 88' lang='lat' dir='ltr'><strong>ire</strong></span> <span class='ocrx_word' id='word_1_21' title='bbox 569 1110 640 1187; x_wconf 84' lang='lat' dir='ltr'><strong>post</strong></span> <span class='ocrx_word' id='word_1_22' title='bbox 653 1107 686 1170; x_wconf 91' lang='lat' dir='ltr'><strong>in</strong></span> <span class='ocrx_word' id='word_1_23' title='bbox 701 1109 859 1172; x_wconf 76' lang='lat' dir='ltr'><strong>claustrie.</strong></span> 
     </span>
    </p>
   </div>
   <div class='ocr_carea' id='block_1_3' title="bbox 438 1249 869 1334">
    <p class='ocr_par' dir='ltr' id='par_1_5' title="bbox 438 1249 869 1334">
     <span class='ocr_line' id='line_1_8' title="bbox 438 1249 869 1334; baseline 0.014 -24"><span class='ocrx_word' id='word_1_24' title='bbox 438 1250 524 1310; x_wconf 85' lang='lat' dir='ltr'><strong>Unus</strong></span> <span class='ocrx_word' id='word_1_25' title='bbox 527 1293 623 1311; x_wconf 93' lang='grc'><strong>.....</strong></span> <span class='ocrx_word' id='word_1_26' title='bbox 640 1250 680 1312; x_wconf 90' lang='lat' dir='ltr'><strong>de</strong></span> <span class='ocrx_word' id='word_1_27' title='bbox 692 1249 869 1334; x_wconf 73' lang='lat' dir='ltr'><strong>majoram,</strong></span> 
     </span>
    </p>
   </div>
   <div class='ocr_carea' id='block_1_4' title="bbox 437 1353 1016 1448">
    <p class='ocr_par' dir='ltr' id='par_1_6' title="bbox 437 1353 1016 1448">
     <span class='ocr_line' id='line_1_9' title="bbox 437 1353 1016 1448; baseline 0.012 -35"><span class='ocrx_word' id='word_1_28' title='bbox 437 1353 539 1415; x_wconf 87' lang='lat' dir='ltr'>bonus</span> <span class='ocrx_word' id='word_1_29' title='bbox 549 1353 650 1418; x_wconf 85' lang='lat' dir='ltr'><strong>lector</strong></span> <span class='ocrx_word' id='word_1_30' title='bbox 662 1357 694 1416; x_wconf 85' lang='lat' dir='ltr'><strong>et</strong></span> <span class='ocrx_word' id='word_1_31' title='bbox 707 1359 890 1434; x_wconf 58' lang='lat' dir='ltr'><strong>eremium,</strong></span> <span class='ocrx_word' id='word_1_32' title='bbox 1012 1439 1016 1448; x_wconf 25' lang='grc' dir='ltr'>Ι</span> 
     </span>
    </p>
   </div>
   <div class='ocr_carea' id='block_1_5' title="bbox 436 1453 799 1626">
    <p class='ocr_par' dir='ltr' id='par_1_7' title="bbox 436 1453 799 1626">
     <span class='ocr_line' id='line_1_10' title="bbox 436 1453 799 1523; baseline 0.014 -5"><span class='ocrx_word' id='word_1_33' title='bbox 436 1456 589 1521; x_wconf 84' lang='lat' dir='ltr'><strong>iraseatus</strong></span> <span class='ocrx_word' id='word_1_34' title='bbox 602 1459 643 1522; x_wconf 88' lang='lat' dir='ltr'><strong>ad</strong></span> <span class='ocrx_word' id='word_1_35' title='bbox 656 1453 799 1523; x_wconf 74' lang='lat' dir='ltr'><strong>Priorum</strong></span> 
     </span>
     <span class='ocr_line' id='line_1_11' title="bbox 517 1562 780 1626; baseline -0.004 -1"><span class='ocrx_word' id='word_1_36' title='bbox 517 1562 597 1625; x_wconf 82' lang='lat' dir='ltr'><strong>dixit</strong></span> <span class='ocrx_word' id='word_1_37' title='bbox 610 1563 669 1626; x_wconf 85' lang='lat' dir='ltr'><strong>ista</strong></span> <span class='ocrx_word' id='word_1_38' title='bbox 683 1563 780 1626; x_wconf 59' lang='lat' dir='ltr'><strong>ratim</strong></span> 
     </span>
    </p>
   </div>
   <div class='ocr_carea' id='block_1_6' title="bbox 434 1717 897 2108">
    <p class='ocr_par' dir='ltr' id='par_1_8' title="bbox 434 1717 897 2005">
     <span class='ocr_line' id='line_1_12' title="bbox 435 1717 897 1800; baseline 0 -18"><span class='ocrx_word' id='word_1_39' title='bbox 435 1719 539 1799; x_wconf 76' lang='lat' dir='ltr'><strong>Prior,</strong></span> <span class='ocrx_word' id='word_1_40' title='bbox 554 1735 611 1782; x_wconf 88' lang='lat' dir='ltr'><strong>vos</strong></span> <span class='ocrx_word' id='word_1_41' title='bbox 625 1736 691 1781; x_wconf 84' lang='lat' dir='ltr'><strong>non</strong></span> <span class='ocrx_word' id='word_1_42' title='bbox 705 1717 897 1800; x_wconf 77' lang='lat' dir='ltr'><strong>intendatis,</strong></span> 
     </span>
     <span class='ocr_line' id='line_1_13' title="bbox 434 1821 896 1903; baseline 0 -19"><span class='ocrx_word' id='word_1_43' title='bbox 434 1823 590 1902; x_wconf 86' lang='lat' dir='ltr'><strong>quantum</strong></span> <span class='ocrx_word' id='word_1_44' title='bbox 604 1833 713 1884; x_wconf 70' lang='lat' dir='ltr'><strong>sumus</strong></span> <span class='ocrx_word' id='word_1_45' title='bbox 726 1821 896 1903; x_wconf 77' lang='lat' dir='ltr'><strong>laboratis,</strong></span> 
     </span>
     <span class='ocr_line' id='line_1_14' title="bbox 434 1923 795 2005; baseline -0.003 -18"><span class='ocrx_word' id='word_1_46' title='bbox 434 1925 607 1987; x_wconf 83' lang='lat' dir='ltr'><strong>incantare</strong></span> <span class='ocrx_word' id='word_1_47' title='bbox 620 1927 653 1986; x_wconf 91' lang='lat' dir='ltr'><strong>et</strong></span> <span class='ocrx_word' id='word_1_48' title='bbox 662 1923 795 2005; x_wconf 73' lang='lat' dir='ltr'><strong>legatie,</strong></span> 
     </span>
    </p>

    <p class='ocr_par' dir='ltr' id='par_1_9' title="bbox 513 2028 788 2108">
     <span class='ocr_line' id='line_1_15' title="bbox 513 2028 788 2108; baseline 0 -18"><span class='ocrx_word' id='word_1_49' title='bbox 513 2046 569 2108; x_wconf 86' lang='lat' dir='ltr'><strong>per</strong></span> <span class='ocrx_word' id='word_1_50' title='bbox 581 2028 641 2091; x_wconf 84' lang='lat' dir='ltr'><strong>ista</strong></span> <span class='ocrx_word' id='word_1_51' title='bbox 656 2028 788 2092; x_wconf 80' lang='lat' dir='ltr'><strong>festalia.</strong></span> 
     </span>
    </p>
   </div>
   <div class='ocr_carea' id='block_1_7' title="bbox 433 2162 874 2532">
    <p class='ocr_par' dir='ltr' id='par_1_10' title="bbox 433 2162 783 2246">
     <span class='ocr_line' id='line_1_16' title="bbox 433 2162 783 2246; baseline 0.009 -22"><span class='ocrx_word' id='word_1_52' title='bbox 433 2165 459 2225; x_wconf 85' lang='lat'>0</span> <span class='ocrx_word' id='word_1_53' title='bbox 472 2162 600 2226; x_wconf 77' lang='lat' dir='ltr'><strong>Abbatis</strong></span> <span class='ocrx_word' id='word_1_54' title='bbox 614 2167 646 2226; x_wconf 88' lang='lat' dir='ltr'><strong>et</strong></span> <span class='ocrx_word' id='word_1_55' title='bbox 659 2164 764 2227; x_wconf 84' lang='lat' dir='ltr'><strong>Priore</strong></span> <span class='ocrx_word' id='word_1_56' title='bbox 775 2213 783 2246; x_wconf 76' lang='grc'>,</span> 
     </span>
    </p>

    <p class='ocr_par' dir='ltr' id='par_1_11' title="bbox 435 2266 816 2351">
     <span class='ocr_line' id='line_1_17' title="bbox 435 2266 816 2351; baseline 0.016 -23"><span class='ocrx_word' id='word_1_57' title='bbox 435 2267 514 2330; x_wconf 88' lang='lat' dir='ltr'><strong>nihil</strong></span> <span class='ocrx_word' id='word_1_58' title='bbox 527 2266 609 2330; x_wconf 90' lang='lat' dir='ltr'><strong>datis</strong></span> <span class='ocrx_word' id='word_1_59' title='bbox 619 2268 661 2331; x_wconf 82' lang='lat' dir='ltr'><strong>de</strong></span> <span class='ocrx_word' id='word_1_60' title='bbox 674 2269 796 2350; x_wconf 75' lang='lat' dir='ltr'><strong>liquore</strong></span> <span class='ocrx_word' id='word_1_61' title='bbox 808 2295 816 2351; x_wconf 84' lang='lat'>3</span> 
     </span>
    </p>

    <p class='ocr_par' dir='ltr' id='par_1_12' title="bbox 435 2365 874 2532">
     <span class='ocr_line' id='line_1_18' title="bbox 435 2365 874 2446; baseline 0.005 -20"><span class='ocrx_word' id='word_1_62' title='bbox 435 2382 500 2427; x_wconf 90' lang='lat' dir='ltr'><strong>non</strong></span> <span class='ocrx_word' id='word_1_63' title='bbox 514 2368 563 2427; x_wconf 86' lang='lat' dir='ltr'><strong>est</strong></span> <span class='ocrx_word' id='word_1_64' title='bbox 577 2365 666 2428; x_wconf 87' lang='lat' dir='ltr'><strong>vohis</strong></span> <span class='ocrx_word' id='word_1_65' title='bbox 681 2365 720 2428; x_wconf 84' lang='lat' dir='ltr'><strong>da</strong></span> <span class='ocrx_word' id='word_1_66' title='bbox 730 2365 874 2446; x_wconf 81' lang='lat' dir='ltr'><strong>pudore?</strong></span> 
     </span>
     <span class='ocr_line' id='line_1_19' title="bbox 514 2467 760 2532; baseline 0.004 -2"><span class='ocrx_word' id='word_1_67' title='bbox 514 2471 559 2530; x_wconf 83' lang='lat' dir='ltr'><strong>Tu</strong></span> <span class='ocrx_word' id='word_1_68' title='bbox 571 2485 605 2532; x_wconf 89' lang='lat' dir='ltr'><strong>es</strong></span> <span class='ocrx_word' id='word_1_69' title='bbox 619 2467 760 2532; x_wconf 85' lang='lat' dir='ltr'><strong>avaritia.</strong></span> 
     </span>
    </p>
   </div>
   <div class='ocr_carea' id='block_1_8' title="bbox 432 2606 874 2689">
    <p class='ocr_par' dir='ltr' id='par_1_13' title="bbox 432 2606 874 2689">
     <span class='ocr_line' id='line_1_20' title="bbox 432 2606 874 2689; baseline 0.005 -20"><span class='ocrx_word' id='word_1_70' title='bbox 432 2611 493 2669; x_wconf 83' lang='lat' dir='ltr'><strong>Vos</strong></span> <span class='ocrx_word' id='word_1_71' title='bbox 506 2623 566 2669; x_wconf 86' lang='lat' dir='ltr'><strong>nee</strong></span> <span class='ocrx_word' id='word_1_72' title='bbox 580 2606 670 2668; x_wconf 80' lang='lat' dir='ltr'><strong>nobis</strong></span> <span class='ocrx_word' id='word_1_73' title='bbox 683 2606 762 2669; x_wconf 85' lang='lat' dir='ltr'><strong>nihil</strong></span> <span class='ocrx_word' id='word_1_74' title='bbox 773 2607 874 2689; x_wconf 68' lang='lat' dir='ltr'><strong>datis,</strong></span> 
     </span>
    </p>
   </div>
   <div class='ocr_carea' id='block_1_9' title="bbox 314 2709 849 2793">
    <p class='ocr_par' dir='ltr' id='par_1_14' title="bbox 314 2709 849 2793">
     <span class='ocr_line' id='line_1_21' title="bbox 314 2709 849 2793; baseline 0.006 -22"><span class='ocrx_word' id='word_1_75' title='bbox 314 2726 319 2736; x_wconf 93' lang='lat'>·</span> <span class='ocrx_word' id='word_1_76' title='bbox 432 2727 491 2772; x_wconf 88' lang='lat' dir='ltr'><strong>nee</strong></span> <span class='ocrx_word' id='word_1_77' title='bbox 504 2711 655 2772; x_wconf 81' lang='lat' dir='ltr'><strong>Abbatem</strong></span> <span class='ocrx_word' id='word_1_78' title='bbox 668 2709 849 2793; x_wconf 74' lang='lat' dir='ltr'><strong>parvitatis,</strong></span> 
     </span>
    </p>
   </div>
   <div class='ocr_carea' id='block_1_10' title="bbox 433 2810 771 2983">
    <p class='ocr_par' dir='ltr' id='par_1_15' title="bbox 433 2810 771 2983">
     <span class='ocr_line' id='line_1_22' title="bbox 433 2810 771 2874; baseline 0 -2"><span class='ocrx_word' id='word_1_79' title='bbox 433 2811 508 2874; x_wconf 85' lang='lat' dir='ltr'><strong>iacit</strong></span> <span class='ocrx_word' id='word_1_80' title='bbox 521 2813 629 2874; x_wconf 87' lang='lat' dir='ltr'><strong>noster</strong></span> <span class='ocrx_word' id='word_1_81' title='bbox 642 2810 771 2874; x_wconf 73' lang='lat' dir='ltr'><strong>sociatis</strong></span> 
     </span>
     <span class='ocr_line' id='line_1_23' title="bbox 511 2919 723 2983; baseline 0 -2"><span class='ocrx_word' id='word_1_82' title='bbox 511 2937 568 2982; x_wconf 90' lang='lat' dir='ltr'><strong>sua</strong></span> <span class='ocrx_word' id='word_1_83' title='bbox 583 2919 723 2983; x_wconf 83' lang='lat' dir='ltr'><strong>curialia.</strong></span> 
     </span>
    </p>
   </div>
   <div class='ocr_carea' id='block_1_11' title="bbox 430 3055 892 3243">
    <p class='ocr_par' dir='ltr' id='par_1_16' title="bbox 430 3055 892 3243">
     <span class='ocr_line' id='line_1_24' title="bbox 433 3055 892 3141; baseline 0.007 -22"><span class='ocrx_word' id='word_1_84' title='bbox 433 3055 491 3131; x_wconf 85' lang='lat' dir='ltr'><strong>Qui</strong></span> <span class='ocrx_word' id='word_1_85' title='bbox 505 3061 588 3138; x_wconf 79' lang='lat' dir='ltr'><strong>stat,</strong></span> <span class='ocrx_word' id='word_1_86' title='bbox 603 3058 742 3122; x_wconf 84' lang='lat' dir='ltr'><strong>videtne</strong></span> <span class='ocrx_word' id='word_1_87' title='bbox 755 3059 892 3141; x_wconf 74' lang='lat' dir='ltr'><strong>eadatiS,</strong></span> 
     </span>
     <span class='ocr_line' id='line_1_25' title="bbox 430 3161 864 3243; baseline 0.014 -23"><span class='ocrx_word' id='word_1_88' title='bbox 430 3161 547 3223; x_wconf 85' lang='lat' dir='ltr'><strong>multos</strong></span> <span class='ocrx_word' id='word_1_89' title='bbox 561 3161 646 3224; x_wconf 88' lang='lat' dir='ltr'><strong>enim</strong></span> <span class='ocrx_word' id='word_1_90' title='bbox 660 3162 699 3226; x_wconf 87' lang='lat' dir='ltr'><strong>de</strong></span> <span class='ocrx_word' id='word_1_91' title='bbox 716 3162 864 3243; x_wconf 84' lang='lat' dir='ltr'><strong>praelatis</strong></span> 
     </span>
    </p>
   </div>
   <div class='ocr_carea' id='block_1_12' title="bbox 430 3263 848 3445">
    <p class='ocr_par' dir='ltr' id='par_1_17' title="bbox 430 3263 848 3445">
     <span class='ocr_line' id='line_1_26' title="bbox 430 3263 848 3346; baseline 0.007 -22"><span class='ocrx_word' id='word_1_92' title='bbox 430 3267 505 3325; x_wconf 89' lang='lat' dir='ltr'><strong>sunt</strong></span> <span class='ocrx_word' id='word_1_93' title='bbox 518 3263 667 3327; x_wconf 88' lang='lat' dir='ltr'><strong>deorsum</strong></span> <span class='ocrx_word' id='word_1_94' title='bbox 680 3264 848 3346; x_wconf 68' lang='lat' dir='ltr'><strong>depereatis</strong></span> 
     </span>
     <span class='ocr_line' id='line_1_27' title="bbox 510 3363 798 3445; baseline 0.003 -20"><span class='ocrx_word' id='word_1_95' title='bbox 510 3367 638 3445; x_wconf 87' lang='lat' dir='ltr'><strong>prepter</strong></span> <span class='ocrx_word' id='word_1_96' title='bbox 651 3363 798 3428; x_wconf 62' lang='lat' dir='ltr'><strong>avaritia:</strong></span> 
     </span>
    </p>
   </div>
   <div class='ocr_carea' id='block_1_13' title="bbox 427 3499 924 3900">
    <p class='ocr_par' dir='ltr' id='par_1_18' title="bbox 428 3499 924 3581">
     <span class='ocr_line' id='line_1_28' title="bbox 428 3499 924 3581; baseline -0.002 -18"><span class='ocrx_word' id='word_1_97' title='bbox 428 3503 558 3580; x_wconf 82' lang='lat' dir='ltr'><strong>Propter</strong></span> <span class='ocrx_word' id='word_1_98' title='bbox 570 3501 675 3564; x_wconf 86' lang='lat' dir='ltr'><strong>cordis</strong></span> <span class='ocrx_word' id='word_1_99' title='bbox 688 3499 879 3581; x_wconf 56' lang='lat' dir='ltr'><strong>strictitate,</strong></span> <span class='ocrx_word' id='word_1_100' title='bbox 921 3499 924 3504; x_wconf 81' lang='grc'><em>’</em></span> 
     </span>
    </p>

    <p class='ocr_par' dir='ltr' id='par_1_19' title="bbox 428 3605 880 3688">
     <span class='ocr_line' id='line_1_29' title="bbox 428 3605 880 3688; baseline -0.002 -18"><span class='ocrx_word' id='word_1_101' title='bbox 428 3611 504 3670; x_wconf 90' lang='lat' dir='ltr'><strong>sunt</strong></span> <span class='ocrx_word' id='word_1_102' title='bbox 516 3607 643 3688; x_wconf 78' lang='lat' dir='ltr'><strong>superbi</strong></span> <span class='ocrx_word' id='word_1_103' title='bbox 661 3605 880 3687; x_wconf 77' lang='lat' dir='ltr'><strong>descendatis,</strong></span> 
     </span>
    </p>

    <p class='ocr_par' dir='ltr' id='par_1_20' title="bbox 427 3710 831 3900">
     <span class='ocr_line' id='line_1_30' title="bbox 427 3710 831 3792; baseline -0.002 -18"><span class='ocrx_word' id='word_1_104' title='bbox 427 3712 515 3776; x_wconf 84' lang='lat' dir='ltr'><strong>etsie</strong></span> <span class='ocrx_word' id='word_1_105' title='bbox 528 3714 657 3792; x_wconf 82' lang='lat' dir='ltr'><strong>propter</strong></span> <span class='ocrx_word' id='word_1_106' title='bbox 668 3710 831 3792; x_wconf 79' lang='lat' dir='ltr'><strong>parvitatis</strong></span> 
     </span>
     <span class='ocr_line' id='line_1_31' title="bbox 503 3817 818 3900; baseline -0.003 -18"><span class='ocrx_word' id='word_1_107' title='bbox 503 3821 635 3898; x_wconf 82' lang='lat' dir='ltr'><strong>perdere</strong></span> <span class='ocrx_word' id='word_1_108' title='bbox 647 3817 818 3900; x_wconf 64' lang='lat' dir='ltr'><strong>magnalia</strong></span> 
     </span>
    </p>
   </div>
   <div class='ocr_carea' id='block_1_14' title="bbox 425 3953 899 4141">
    <p class='ocr_par' dir='ltr' id='par_1_21' title="bbox 425 3953 899 4141">
     <span class='ocr_line' id='line_1_32' title="bbox 425 3953 899 4037; baseline 0 -19"><span class='ocrx_word' id='word_1_109' title='bbox 425 3959 514 4035; x_wconf 83' lang='lat' dir='ltr'>Rogo</span> <span class='ocrx_word' id='word_1_110' title='bbox 527 3960 609 4019; x_wconf 84' lang='lat' dir='ltr'><strong>Deus</strong></span> <span class='ocrx_word' id='word_1_111' title='bbox 622 3953 815 4037; x_wconf 75' lang='lat' dir='ltr'><strong>majestatie,</strong></span> <span class='ocrx_word' id='word_1_112' title='bbox 896 3972 899 3977; x_wconf 89' lang='lat'>·</span> 
     </span>
     <span class='ocr_line' id='line_1_33' title="bbox 426 4059 831 4141; baseline 0.002 -19"><span class='ocrx_word' id='word_1_113' title='bbox 426 4059 479 4141; x_wconf 90' lang='lat' dir='ltr'><strong>qui</strong></span> <span class='ocrx_word' id='word_1_114' title='bbox 494 4078 552 4124; x_wconf 86' lang='lat' dir='ltr'><strong>nos</strong></span> <span class='ocrx_word' id='word_1_115' title='bbox 566 4059 641 4124; x_wconf 85' lang='lat' dir='ltr'><strong>feeit</strong></span> <span class='ocrx_word' id='word_1_116' title='bbox 654 4063 686 4122; x_wconf 88' lang='lat' dir='ltr'><strong>et</strong></span> <span class='ocrx_word' id='word_1_117' title='bbox 700 4059 831 4140; x_wconf 76' lang='lat' dir='ltr'><strong>creatis,</strong></span> 
     </span>
    </p>
   </div>
   <div class='ocr_carea' id='block_1_15' title="bbox 0 0 1340 4968">
    <p class='ocr_par' dir='ltr' id='par_1_22' title="bbox 0 0 1340 4968">
     <span class='ocr_line' id='line_1_34' title="bbox 0 0 1340 4968; baseline 0 4"><span class='ocrx_word' id='word_1_118' title='bbox 0 0 1340 4968; x_wconf 95' lang='lat' dir='ltr'><strong> </strong></span> 
     </span>
    </p>
   </div>
  </div>
 </body>
</html>
