2676 4968
681 439 840 499 40⁸..

342 568 444 630 laetus
456 569 489 628 et
502 566 662 629 admirans
675 565 718 630 ad
730 581 788 629 sua
801 565 936 646 quisque
950 565 1043 628 redit.

303 676 424 737 Taurus
437 691 511 737 cum
523 675 592 738 solo
602 675 691 738 solus
702 675 897 738 Machomete
909 674 1073 753 remansit,

344 783 378 844 at
390 781 568 845 Machomes
580 781 669 844 illum
682 781 795 844 elausit
805 785 843 844 ut
855 783 930 844 ante
941 783 1021 861 tuit,

303 892 342 953 nt
353 890 502 970 pascebat
514 888 677 953 eumdum
689 887 770 952 vixit
781 890 818 952 ut
831 889 906 950 ante
919 887 1062 968 solebat,

343 1013 379 1059 se
391 999 498 1060 tamam
508 999 644 1076 excepto
656 1013 751 1060 nemo
764 995 893 1060 ridebat
904 1011 997 1074 eum,

304 1105 445 1183 curruque
455 1105 623 1182 rogaretur
635 1103 814 1166 machomus
826 1118 891 1182 quo
904 1104 1017 1164 taurus
1029 1099 1168 1180 abisset,

344 1225 401 1288 per
412 1225 508 1289 quem
521 1209 562 1271 de
574 1209 664 1272 eaelo
676 1208 730 1272 lex
742 1225 826 1272 nova
837 1206 933 1271 missa
949 1209 1053 1286 toret,

305 1312 352 1375 ad
367 1329 499 1393 superos
510 1313 599 1377 illum
611 1314 790 1378 Machoures
804 1312 929 1378 dicebat
939 1313 984 1389 (1)
997 1313 1120 1393 abisse,

345 1420 432 1483 unde
444 1421 560 1501 petisse
572 1421 660 1502 prius
670 1421 734 1486 ima
748 1421 884 1486 doeebat
896 1439 982 1485 eum.

305 1526 482 1590 Credebant
493 1527 649 1609 quidquid
665 1529 869 1593 mahometis
882 1531 923 1592 ab
934 1547 991 1593 ore
1004 1529 1140 1592 sonabat

347 1651 385 1696 ae
395 1632 422 1697 si
436 1635 582 1698 coelestis
594 1635 726 1699 nuntius
738 1635 791 1699 ille
801 1637 907 1699 toret:

307 1739 484 1802 Credebant
495 1739 593 1820 igitur
605 1741 680 1822 quia
693 1743 805 1804 tauram
820 1742 863 1805 ad
875 1745 961 1805 astra
975 1757 1140 1822 regressus

347 1845 501 1912 virtutum
513 1864 647 1911 numero
660 1847 863 1912 consociatus
876 1851 966 1912 erat:

308 1953 484 2018 Credebant
496 1955 691 2018 Machomem
704 1955 797 2017 terris
807 1954 880 2019 ideo
894 1969 1079 2034 superesse,

350 2064 386 2122 ut
398 2059 516 2140 praesit
526 2061 649 2124 mundo
662 2078 737 2124 cum
748 2065 832 2124 Deus
845 2063 931 2124 astra
942 2061 1044 2140 regat.

309 2189 363 2281 iiis
376 2192 420 2254 ita
432 2191 617 2276 transactis,
631 2193 759 2257 modico
776 2196 849 2273 post
862 2195 1019 2274 tempore,
1035 2210 1109 2255 cum
1119 2193 1186 2270 jam

351 2316 429 2379 gens
443 2318 501 2362 sua
514 2303 583 2363 tuta
597 2301 673 2363 satis
684 2302 744 2364 suh
755 2302 951 2363 Machomete
965 2300 1066 2379 foret,

310 2407 555 2468 lnsurrexerunt
565 2405 598 2468 in
612 2423 683 2488 eus,
700 2424 778 2487 gens
789 2405 905 2487 effera,
920 2411 1033 2468 Persae

350 2511 458 2574 omnia
472 2515 633 2577 restantes
644 2511 738 2594 igne,
752 2514 835 2576 same
847 2561 855 2594 ,
869 2511 994 2592 gladio,

312 2619 453 2698 Namque
463 2620 679 2699 querebantur
691 2618 859 2682 Idumaeos
870 2618 982 2681 fraude
993 2619 1103 2679 tenere

348 2723 430 2803 juris
442 2727 609 2787 Persarum
621 2725 763 2808 praedia,
777 2727 892 2805 castra,
909 2723 1043 2787 domos:

313 2831 401 2902 Quae
413 2828 474 2891 nisi
491 2831 672 2912 restituant,
688 2847 833 2911 possessa
845 2829 1009 2892 minantur
1022 2845 1132 2892 eorum

353 2936 549 3016 subjicienda
560 2937 664 3001 modis
677 2938 825 3002 omnihus
838 2936 946 3000 exitio.

314 3041 439 3104 Talibus
452 3042 569 3105 auditis
579 3092 587 3124 ,
598 3046 745 3107 turbatur
757 3060 836 3124 gens
848 3043 1016 3124 Idumaea,

356 3155 388 3214 et
404 3154 514 3216 contra
527 3156 638 3214 Persas
646 3152 729 3213 bella
742 3153 852 3216 tenere
866 3149 908 3228 (2)
920 3149 1046 3229 parant.

314 3261 461 3322 Attamen
474 3256 558 3320 inter
570 3257 690 3338 eosqui
705 3255 838 3321 consilio
849 3255 997 3319 meliores

356 3381 425 3426 esse
437 3363 643 3444 videbantur,
658 3362 755 3426 corde
768 3363 817 3426 vel
829 3379 886 3424 ore
897 3376 1027 3440 graves,

314 3473 394 3533 Ante
407 3469 634 3550 requirendum
647 3469 841 3550 persuadent
854 3487 873 3530 a
887 3468 1083 3550 Machomete

354 3595 450 3657 quam
464 3581 576 3641 contra
589 3583 700 3642 Persas
713 3578 776 3640 tale
786 3575 866 3657 quid
877 3571 1030 3653 incipiant
1041 3576 1095 3651 (3).

315 3684 373 3759 Qui
387 3683 550 3764 respondit
562 3701 618 3746 eus
630 3702 695 3746 non
708 3699 801 3763 posse
812 3679 960 3744 resistere
971 3676 1095 3756 Persis,

245 3931 274 3986 (ι)
287 3929 403 3988 Fteaadat
414 3929 470 3976 dans
483 3929 511 3974 Α.
793 3940 822 3972 en
840 3937 922 3983 prosam
937 3925 994 3970 ainsi
1012 3937 1040 3969 en
1059 3929 1139 3968 trouve
1157 3921 1218 3966 dans
1232 3922 1330 3968 ciceret*

246 3991 277 4047 (ii
291 3992 383 4038 Movere
397 3993 453 4036 dans
464 3991 492 4035 Β.
794 3989 817 4033 Si
830 3989 850 4033 ai
865 3987 1008 4043 contigisset,
1021 3991 1047 4029 ut
1060 3991 1083 4029 te
1094 3991 1148 4030 ante
1166 3983 1259 4029 rideret
1278 3991 1330 4050 φῆν

246 4054 276 4109 (ὅ)
295 4053 358 4099 Getta
371 4053 441 4098 tineae
457 4053 606 4111 d'antequem
623 4053 677 4097 erait
691 4050 758 4108 quei-
794 4062 808 4094 a
822 4050 868 4094 rita
882 4049 1021 4100 diseederet,
1042 4045 1164 4104 Epistulae
1178 4045 1216 4089 ad
1229 4042 1330 4102 semitra-

219 4113 384 4173 quuoisusnee
393 4116 449 4162 dans
459 4115 480 4161 ta
492 4115 564 4161 bonne
573 4114 671 4165 latinitt,
685 4115 758 4158 meme
793 4124 843 4164 rea,
859 4111 872 4155 Ι.
886 4124 915 4164 ιι,
930 4110 1026 4155 lettres.
