2676 4968
484 521 524 528 -
539 491 595 546 389
608 519 647 528 -
753 479 761 497 '

101 609 164 674 Sed
175 608 251 688 quia
261 612 408 672 mortuus
422 614 472 674 est
483 614 516 674 et
530 615 562 674 te
575 610 644 674 sine
657 611 746 690 prole
758 609 903 690 reliquit,

142 717 239 796 atque
249 720 473 781 remanserunt
484 718 586 782 multa
600 715 740 796 gerenda
752 714 809 780 tibi
822 763 831 796 ,

103 823 158 884 Est
170 838 252 903 opus
264 825 302 884 ut
312 824 432 904 nubas,
447 823 599 904 quianon
613 827 703 905 potes
715 826 835 904 absque
848 821 965 887 marito

142 926 285 1007 pondera
298 946 468 1009 curarum,
485 928 619 1011 femina,
635 931 717 992 terre
732 930 799 993 diu.

102 1033 181 1115 Sed,
195 1033 322 1099 vivente
332 1035 418 1115 viro,
433 1039 561 1100 constat
574 1037 662 1117 quod
675 1042 764 1101 casta
779 1036 888 1119 fuisti3

143 1144 217 1221 post
229 1142 352 1208 obitum
365 1146 458 1224 eujus
472 1145 551 1208 bueo
565 1162 693 1225 quoque
705 1148 789 1208 fama
802 1148 912 1208 manet
923 1173 931 1228 ς

103 1248 193 1312 Unde
207 1248 397 1314 timebamus
409 1267 452 1316 ne
465 1252 548 1316 torte
559 1249 820 1331 tibistatuisses,

144 1353 190 1417 sio
203 1371 328 1435 semper
341 1356 440 1422 vitam
453 1357 572 1424 ducere
587 1359 668 1422 velle
684 1361 785 1422 tuam.

103 1465 170 1523 Hac
182 1459 281 1540 igitur
291 1476 389 1526 eausa
403 1463 613 1528 convenimus
626 1468 663 1526 ut
676 1465 815 1529 verearis

146 1571 195 1631 tot
205 1570 255 1633 vel
267 1571 430 1636 tantorum
444 1588 593 1650 spernere
610 1571 791 1635 eonsilium.

104 1676 194 1738 Nube
207 1675 292 1759 viro,
309 1677 384 1758 quia
398 1677 425 1745 si
439 1678 481 1742 de
494 1682 526 1742 te
539 1696 606 1742 non
619 1679 743 1743 venerit
757 1680 869 1742 baares

145 1783 200 1863 qui
215 1786 323 1848 teneat
336 1787 473 1865 terram,
491 1789 521 1848 te
534 1785 710 1867 moriente,
726 1789 836 1867 biam,

104 1890 218 1957 omnia
231 1909 315 1972 quae
328 1895 384 1957 tua
398 1897 475 1956 sunt
486 1892 707 1958 miserabiliter
720 1892 896 1974 rapientur,

146 1999 396 2081 particulamque
410 2001 497 2065 votet
509 1999 645 2081 quisque
658 2003 767 2064 tenere
779 2019 884 2064 suam.

105 2110 222 2188 immo,
237 2107 265 2170 si
279 2108 376 2172 fuerit
388 2107 460 2189 quis
471 2107 599 2190 tortior,
614 2109 723 2172 omnia
737 2110 848 2189 tollet,

150 2212 177 2274 si
189 2213 261 2294 quis
273 2213 303 2277 ei
314 2213 547 2278 contradixerit
559 2231 636 2276 ense
649 2214 763 2293 cadet3

106 2323 146 2382 ut
158 2338 218 2386 nos
231 2324 288 2384 aut
299 2321 411 2402 poenis
424 2322 482 2383 aut
494 2323 597 2386 morte
609 2320 783 2402 peribimus
797 2338 928 2402 omnes,

148 2426 175 2491 si
190 2445 256 2490 non
266 2429 305 2490 ut
317 2426 399 2492 servi
414 2427 621 2507 subjiciamur
634 2427 674 2490 ei.

105 2539 197 2611 Quae
209 2535 293 2597 mala
304 2537 378 2615 jure
391 2533 448 2597 tibi
463 2537 628 2600 vertentur
640 2533 682 2596 ad
694 2532 890 2614 impietatem

148 2641 195 2723 si,
210 2659 270 2706 nos
283 2644 509 2720 contemnens,
524 2641 646 2718 nubere
659 2639 811 2712 nolueris.
828 2662 843 2696 n

109 2750 165 2811 llla
178 2749 295 2811 refert:
313 2747 407 2812 «Etsi
422 2765 488 2812 non
499 2748 621 2812 nubere
634 2745 890 2828 proposuissem,

150 2853 348 2935 propositum
359 2853 460 2934 pietas
471 2853 614 2944 vinceret
626 2855 659 2918 et
672 2851 773 2934 ratio3

109 2958 172 3023 Sed
185 2962 311 3024 constat
323 2977 450 3023 mecum
463 2976 515 3022 me
528 2958 574 3021 nil
587 2974 765 3038 proponere
778 2975 938 3038 magnum.

149 3066 238 3148 quod
248 3085 314 3130 non
326 3084 367 3129 ex
380 3069 487 3130 vestro
498 3064 637 3144 pendeat
647 3064 778 3129 arbitrio
790 3091 799 3145 3

109 3178 194 3254 Ergo
205 3190 375 3255 personam
387 3171 465 3238 mibi
478 3170 624 3252 quaerite
635 3169 900 3252 convenientem,

151 3280 343 3362 quaemihi,
358 3297 441 3362 quae
454 3278 545 3343 vobis
557 3277 643 3341 utilis
656 3295 725 3341 esse
739 3280 855 3359 queat3

107 3386 143 3474 ¹Si
157 3389 266 3450 tamen
278 3386 331 3450 ille
343 3387 376 3466 (l.
390 3384 443 3450 illa
453 3386 477 3462 t)
489 3383 567 3460 mibi
581 3383 677 3458 fuerit
688 3383 794 3449 minus
811 3384 916 3466 utilis,
931 3389 1007 3466 opto

154 3491 322 3556 consilium
334 3493 477 3558 vestrum
490 3509 557 3554 non
573 3489 679 3554 minus
692 3491 767 3554 inde
780 3491 881 3572 sequi.
899 3514 914 3549 n

114 3605 183 3665 Hoc
193 3601 326 3665 verbum
339 3598 448 3662 statim
460 3615 595 3678 rapuere
606 3599 764 3680 loquentis
776 3600 816 3660 ab
829 3615 904 3680 ore,

155 3705 243 3785 quod
253 3721 422 3784 procerum
435 3703 587 3785 placitum
598 3705 755 3785 spondeat
765 3705 817 3770 illa
832 3706 921 3788 sequi
935 3732 943 3787 3

112 3818 203 3877 Tuno
216 3811 346 3893 quidam
358 3814 493 3876 tortasse
506 3829 617 3892 senex,
633 3811 685 3875 oui
699 3813 829 3900 eredere
840 3812 976 3895 dignum

156 3920 356 3983 monstrabat
367 3918 506 3999 gravitas
518 3935 663 3998 canaque
677 3917 853 4000 caesaries,

116 4025 273 4107 Antiquos
286 4042 388 4087 annos
400 4041 582 4088 memorans
593 4025 626 4086 et
640 4026 731 4102 gesta
744 4023 887 4104 priorum

160 4131 306 4214 alloquiis
319 4130 480 4195 dominam
494 4131 610 4196 talibus
625 4129 831 4211 aggreditur:
