2652 4968
712 397 875 452 —106—

312 521 383 598 post
399 520 533 584 labentis
547 520 630 584 vitae
644 539 789 604 cursum,
804 525 875 602 post
886 521 991 584 earnis
1004 522 1123 602 dijugia
1139 529 1182 600 (l)

312 629 436 704 praesta
448 627 539 690 nobis
551 629 657 689 tecum
670 645 739 692 esse
753 629 785 690 in
800 628 929 691 coelesti
942 627 1044 708 patria
1059 634 1069 705 l
1092 635 1112 704 ).

313 767 439 828 Summe
450 769 551 847 pater,
567 765 646 829 coeli
660 771 776 847 rector,
791 766 845 846 qui
859 767 975 830 essina
990 770 1151 849 tempore,

314 871 364 933 eui
379 887 444 934 non
456 875 504 934 est
516 871 643 950 pietatis
656 871 771 934 modus
785 889 844 935 neo
857 873 1061 953 elementiae,
1110 853 1114 862 “

261 1016 269 1026 -
314 977 345 1037 te
358 976 500 1055 personis
513 979 585 1040 eolo
597 977 716 1040 trinum
731 975 827 1040 unius
839 978 1044 1040 substantiae.

314 1119 359 1178 Tu
371 1134 406 1178 es
417 1121 518 1198 pater,
534 1121 616 1180 Deus
628 1135 743 1198 verus3
762 1121 844 1180 Deus
858 1119 933 1178 tuus
947 1117 1130 1196 unigenitus
1143 1145 1151 1197 3

312 1223 353 1285 ab
366 1222 509 1303 utrisque
520 1227 569 1286 est
581 1222 758 1303 procedens
772 1225 855 1284 Deus
869 1221 1147 1301 Sanctusspiritus
1161 1251 1169 1302 3

312 1330 377 1390 tres
389 1317 560 1410 personae,
575 1346 660 1391 unus
672 1333 773 1408 Deus,
790 1328 916 1390 cunetis
930 1326 975 1390 sie
989 1327 1204 1390 credentibus,

310 1468 338 1526 n
347 1467 378 1526 te
392 1468 507 1528 cuncta
521 1483 666 1546 quaeque
680 1466 793 1528 vivunt
806 1466 991 1528 animantur
1006 1483 1160 1545 corpura3

310 1586 455 1648 quaeque
467 1571 545 1632 coeli
562 1574 658 1651 atque
672 1575 775 1633 terrae
788 1574 920 1633 manent
932 1569 1017 1631 inter
1030 1569 1149 1652 spatia3

310 1677 347 1736 tu
360 1675 539 1757 gubernas,
555 1680 590 1739 tu
607 1675 762 1757 disponis,
777 1679 876 1757 tuque
889 1675 974 1756 regis
988 1673 1104 1737 omnia.

309 1813 402 1874 Velut
415 1815 464 1876 lac
478 1814 588 1876 matris
603 1815 635 1876 in
653 1817 759 1878 alvum
772 1833 823 1877 me
837 1813 990 1893 mulsisti,
1006 1812 1154 1893 Domine,

309 1917 450 1999 ossibus,
466 1917 571 1982 nervis
585 1923 787 1999 compactum
805 1919 910 1982 carnis
925 1935 998 1980 oum
1010 1916 1183 1997 velamine3

309 2041 427 2104 eorpus
440 2033 548 2087 meum
561 2025 720 2104 inspirasti
735 2025 799 2088 vita
815 2028 871 2088 tuo
885 2026 1022 2087 llamine.

309 2166 385 2228 Post
396 2182 512 2228 novem
525 2182 650 2227 menses
663 2168 808 2227 materna
823 2164 930 2227 nudus
947 2165 1023 2246 liqui
1037 2163 1157 2230 viscera

309 2271 343 2330 et
357 2269 481 2332 duobus
495 2267 587 2331 annis
602 2268 707 2332 infans
721 2269 792 2331 suxi
808 2269 919 2332 matris
934 2274 1032 2334 ubera
1045 2298 1052 2352 3

311 2367 394 2434 heu!
410 2367 568 2449 inquibus
579 2370 689 2452 plura,
705 2373 803 2452 llam,
820 2372 927 2451 peregi
943 2373 1096 2436 facinora.

310 2511 451 2588 Namque
463 2508 561 2588 patris
575 2510 699 2571 vultum
714 2508 784 2589 spui
800 2508 883 2570 caris
898 2507 930 2570 in
946 2510 1160 2591 amplexibus,

283 2595 285 2600 ⁸
309 2613 421 2676 matris
435 2631 533 2693 genas
547 2613 683 2677 laceravi
697 2614 803 2693 parvis
817 2613 896 2676 meis
910 2613 1090 2698 unguibus,

310 2720 343 2780 et
356 2735 507 2798 persaepe
521 2736 671 2780 sumnum
686 2718 731 2781 eis
746 2718 849 2781 ademi
863 2718 1032 2798 vagitibus.

310 2861 345 2918 ln
357 2858 389 2918 te
401 2873 493 2920 sacro
506 2859 594 2920 fonte
605 2859 709 2940 lotus,
725 2859 828 2920 laetus
843 2858 962 2937 absque
975 2859 1101 2920 macula
1114 2907 1122 2938 ,

309 2962 407 3024 fidem
421 2961 476 3023 tibi
489 2979 679 3025 conservare
693 2962 848 3042 spopondi
863 2980 919 3042 per
937 2962 1086 3044 saecula,

309 3082 406 3144 quarn
420 3065 530 3129 infelix
541 3066 672 3148 violavi,
689 3085 754 3130 non
768 3070 842 3147 post
856 3069 956 3129 multa
969 3071 1123 3147 tempora.

311 3210 483 3287 Postquam
497 3225 569 3270 sum
582 3227 661 3290 puer
675 3209 828 3290 effeetus,
848 3207 960 3271 relicta
975 3207 1125 3284 infantia,
1170 3198 1179 3208 '

313 3331 390 3376 mox
403 3313 442 3376 de
456 3314 561 3393 parvis
576 3315 617 3377 ad
630 3318 754 3395 majora
767 3314 894 3378 eueurri
910 3313 1072 3394 facinora3

313 3437 429 3501 eorpus
442 3423 533 3482 tuum
547 3419 705 3499 perjuravi
722 3422 818 3499 atque
830 3422 941 3481 sancta
954 3417 1095 3480 nomina.

314 3565 393 3624 Cum
405 3561 529 3652 latrone
540 3559 586 3621 lui
600 3560 701 3639 latre,
717 3560 815 3622 salsus
831 3575 906 3621 eum
920 3556 1065 3619 falsidico
1077 3583 1086 3638 3

266 3781 295 3840 (ll
308 3781 462 3838 laisjandans,
481 3775 627 3836 separabam
646 3790 672 3822 oe
686 3783 746 3830 mol,
763 3779 783 3822 le
819 3778 919 3836 emplove'
933 3779 988 3822 dans
1008 3790 1035 3822 ee
1056 3788 1107 3822 sens
1123 3787 1167 3832 que
1184 3787 1226 3830 par
1241 3781 1314 3820 erlem

240 3846 351 3888 contraire
365 3845 392 3888 de
407 3842 561 3900 deusdedem,
577 3851 674 3895 rnanque
693 3839 747 3882 daus
761 3840 782 3884 la
845 3842 875 3896 (Ξ)
890 3841 951 3885 Nous
961 3839 1046 3884 serious
1055 3837 1115 3884 lente
1125 3837 1152 3880 de
1167 3837 1242 3881 croire
1254 3831 1314 3900 quel}

213 3943 217 3950 .
240 3905 341 3948 nouvelle
352 3905 434 3948 e'dltion
452 3905 479 3947 de
498 3904 528 3947 du
546 3902 635 3958 Gange5
655 3901 712 3945 mals
728 3914 782 3957 onv
820 3907 868 3946 taur
882 3903 943 3947 avait
954 3903 991 3947 fini
1006 3903 1035 3946 ici
1052 3914 1092 3946 son
1106 3904 1183 3956 podme
1196 3911 1237 3943 sur
1253 3900 1272 3942 lu
1283 3895 1314 3954 Va

241 3972 318 4010 trouve
329 3965 433 4022 depiles,
449 3967 516 4020 Unts,
531 3971 552 4009 et
567 3976 621 4008 nous
634 3974 782 4019 movensque
819 3964 848 4007 du
859 3963 950 4019 monde,
962 3971 985 4009 et
1000 3976 1044 4021 que
1056 3965 1076 4007 le
1088 3961 1160 4006 scribe
1174 3973 1188 4018 v
1201 3973 1214 4004 a
1234 3959 1314 4018 ajould

242 4029 273 4071 les
289 4027 429 4070 Benedictins
445 4035 489 4072 ont·
498 4028 541 4071 mal
555 4025 659 4083 euplique
670 4025 782 4081 Jupiter,
819 4026 891 4081 prldre
905 4025 958 4069 dont
974 4025 993 4068 le
1012 4025 1115 4081 rbvtlrme
1126 4028 1160 4066 ost
1173 4020 1193 4066 le
1209 4028 1313 4074 meme‚r

242 4101 283 4142 par
303 4087 455 4139 blinamma,
479 4088 638 4144 Perpetuilas;
656 4087 669 4130 il
693 4087 728 4129 n'a
748 4087 783 4129 dle
820 4089 871 4130 dom
884 4086 902 4130 le
915 4087 971 4142 style
982 4092 1016 4130 est
1028 4086 1143 4140 beaucoup
1153 4083 1226 4127 moins
1239 4069 1313 4140 poetiql
