2684 4970
483 444 523 456 ·-
538 416 595 472 279
608 445 647 454 -

300 538 428 602 seduxit
441 540 577 604 christus
588 542 711 606 Domini
728 548 739 622 (
761 551 780 620 ).

300 676 391 740 Venit
403 677 490 758 pacis
503 679 562 740 sub
575 678 695 760 specie,

302 785 400 848 fultus
414 787 506 849 turbu
522 787 699 869 nequitiae3

300 893 415 956 fulsum
426 894 551 974 fingens
563 897 743 976 negotium,

300 999 385 1080 regis
398 1001 539 1064 turbavit
552 1001 663 1065 otium.

300 1131 453 1196 Donativu
466 1135 687 1216 subsequitur,

300 1239 358 1302 sed
372 1240 473 1318 gratia
486 1241 675 1322 negligitur3

302 1345 410 1410 dolum
424 1347 569 1428 ingratus
586 1349 706 1428 gratiae

302 1452 421 1516 biuudu
433 1454 516 1516 celat
526 1455 586 1517 sub
600 1453 690 1516 facie.

302 1586 426 1650 invadit
438 1585 617 1650 solitarium

302 1691 381 1756 nihil
394 1693 510 1758 timens
519 1696 562 1774 (2)
573 1695 784 1776 eontrarium,

302 1800 487 1882 aggreditur
499 1801 533 1863 in
544 1803 662 1865 lectulo

301 1925 398 1988 quem
410 1925 477 1972 non
493 1909 592 1972 audet
608 1909 642 1974 iu
655 1909 784 1989 praelio.

302 2042 352 2107 Sic
366 2042 475 2105 infelix
487 2042 535 2106 vir
545 2042 659 2124 Belial,

303 2151 383 2213 ulter
392 2149 484 2231 Cain,
501 2152 581 2213 ulter
594 2152 707 2232 Nabal,

302 2257 357 2338 qui
369 2262 518 2320 cruentas
532 2257 564 2320 in
578 2258 722 2338 proprios

302 2379 418 2426 manus
433 2363 543 2444 iniecit
556 2364 713 2428 dominos.

304 2501 394 2560 Hune
405 2498 537 2562 Herodis
548 2496 709 2581 impietas,

301 2619 398 2684 quem
411 2605 498 2667 nulla
512 2605 611 2669 flectit
619 2610 663 2682 (3)
676 2605 787 2686 pietus,

304 2709 424 2774 addicit
434 2713 477 2791 (i)
487 2731 592 2776 noxae
603 2714 731 2777 sceleris
823 2707 826 2714 '

304 2817 395 2882 mulis
405 2837 513 2884 reruru
526 2838 602 2901 prae
615 2822 759 2885 caeteris.

304 2954 398 3014 Hunc
407 2953 538 3016 Neronis
550 2955 732 3019 immunitus

306 3060 339 3118 et
352 3057 490 3122 enormis
501 3059 673 3123 erudelitas

307 3163 522 3226 condemnant
532 3164 751 3244 impiissimum
762 3215 770 3247 ,

306 3269 452 3334 videlicet
462 3271 533 3349 plus
547 3270 688 3351 impium.

236 3471 239 3476 ,
306 3402 513 3483 Dumimpius
526 3421 695 3486 recenseo,

306 3511 430 3573 nullum
442 3511 583 3591 pejorem
597 3528 712 3573 censeo

307 3618 368 3680 hoc
379 3615 515 3679 Henrioo
529 3616 723 3698 nequissimo

307 3726 357 3789 vel
369 3725 466 3805 iuda,
480 3741 539 3787 suo
551 3723 649 3788 socio.

42 3919 67 3975 (r)
81 3919 257 3966 Probabiemeut
274 3917 370 3964 i'uutuur
382 3931 395 3964 a
408 3921 475 3964 roulu
490 3931 553 3964 rem·
616 3919 644 3975 (ui
658 3917 922 3967 Nihiltimmiemduuu
931 3922 1130 3983 routanusmnr-

21 3977 88 4032 placer
104 3983 125 4027 iu
147 3981 204 4026 rimu
217 3993 259 4038 pur
279 3980 299 4025 lu
321 3992 476 4026 couwnuuuce
488 3981 515 4026 de
533 3982 554 4027 iu
589 3983 637 4026 utre
648 3981 728 4026 suut-ii
742 3981 782 4027 liru
793 3981 831 4028 nil
845 3981 973 4031 timentem.
1094 4011 1097 4019 ι

21 4041 147 4096 ρόηυῐείὸιηο
157 4049 181 4088 ut
191 4043 218 4089 du
227 4042 435 4100 ΡιυιὲρόιιιιΙιίὸωε,
445 4055 473 4088 ou
481 4043 496 4088 il
508 4042 556 4087 iuut
617 4043 648 4100 (³)
660 4041 749 4088 Florus
761 4042 818 4088 daus
832 4043 938 4092 fluitiuid.

22 4106 112 4162 rorrigur
122 4107 157 4152 iun
166 4117 209 4152 uu.
220 4110 244 4153 οι
255 4105 297 4150 lire
308 4103 420 4160 cirrium,
435 4104 541 4150 Domine.
619 4105 648 4160 (4)
659 4103 761 4150 Addidit
773 4105 829 4151 daus
839 4105 964 4153 Pantanus.
