2662 4968
373 474 380 490 ·
506 461 650 516 *as-

288 600 364 644 nam
377 582 484 646 locum
497 583 556 646 sibi
568 585 719 665 praeripit

288 688 509 770 unusquisque
518 707 614 771 quom
627 691 753 772 reperit.

288 829 363 888 Post
376 826 560 906 nuptiarum
575 827 740 892 dominum

286 932 403 1011 Adam,
419 933 509 1010 pater
521 934 722 1016 mortalium,

286 1035 415 1099 delimo
430 1039 534 1099 terras
547 1038 720 1120 conditus,

286 1140 366 1203 ficus
377 1141 467 1205 sedet
480 1141 513 1205 iu
527 1143 705 1208 frondibus.

285 1281 328 1340 lie
341 1278 410 1342 viro
424 1284 550 1360 sumpta
565 1282 682 1344 femina

287 1383 350 1444 hau
364 1383 371 1444 Ξ
387 1384 478 1446 sedet
490 1401 586 1464 super
599 1387 674 1450 folia

286 1504 368 1566 quae
382 1487 462 1550 frons
475 1490 540 1554 lata
553 1492 690 1572 peperit,
709 1487 712 1494 “

285 1609 368 1670 quae
382 1609 416 1655 se
433 1593 722 1673 tegando'oonsuit.

286 1730 484 1793 Parricidalis
498 1733 530 1794 et
541 1736 618 1796 Cain

283 1833 336 1914 qui
351 1837 420 1898 toto
433 1837 523 1901 vultu
536 1838 695 1923 concidit,

285 1942 360 2002 trux
375 1941 464 2004 sedet
475 1959 571 2022 super
584 1947 746 2010 sarculum

283 2062 347 2123 quo
361 2046 467 2110 fratris
480 2048 595 2127 sparsit
608 2052 784 2114 cerebrum.

286 2181 378 2263 Abel,
394 2182 469 2245 felix
483 2186 635 2263 puerulus

281 2302 377 2363 quern
390 2286 530 2366 respexit
542 2288 623 2350 ooeli
637 2291 737 2369 Deus,

282 2410 323 2454 en
338 2392 428 2455 sedet
441 2410 536 2472 super
549 2394 664 2456 vellera
677 2441 685 2473 ,

281 2495 424 2558 munitus
437 2494 630 2560 innocentia.

283 2635 366 2715 Not,
382 2633 690 2718 iaberjustissimus,
753 2713 755 2718 ,

284 2754 387 2800 novus
400 2739 504 2800 cultor
516 2755 557 2800 ax
570 2737 706 2821 vitibus,

284 2835 373 2898 sedet
386 2834 474 2898 horis
485 2836 620 2902 convivii

284 2955 378 3018 super
391 2941 521 3006 archam
532 2942 652 3007 diluvii.

284 3081 358 3140 Post
370 3079 469 3142 risum
483 3082 578 3143 Sarae
591 3083 738 3162 conjugis

285 3185 445 3246 Abraham
458 3184 549 3248 sedet
558 3189 602 3261 (1)
615 3188 734 3267 nuptiis

284 3302 379 3363 super
389 3284 512 3348 radicas
524 3284 604 3347 ilicis

284 3389 333 3452 sui
347 3407 421 3454 oum
434 3409 540 3455 massa
555 3389 692 3470 generis

282 3534 362 3594 Loth
374 3531 479 3613 sedet,
495 3533 592 3595 irater
605 3531 768 3611 Abrahae,
845 3573 848 3582 Δ

282 3637 337 3717 qui
351 3637 434 3718 fugit
444 3637 552 3718 ignem
566 3637 739 3718 Sodomae,

282 3759 377 3822 super
390 3742 464 3805 salis
477 3741 642 3805 matariom
653 3744 697 3817 (2)

283 3868 365 3929 quae
380 3849 487 3914 deficit
499 3868 555 3930 per
567 3849 717 3929 pluviam.

35 4052 61 4106 [i]
79 4049 141 4094 Nous
161 4047 304 4104 supprimons
327 4045 355 4089 io
376 4045 414 4101 qui
429 4048 463 4088 est
477 4042 553 4086 inutile
616 4043 644 4100 (Ξ)
658 4041 677 4086 ii
690 4041 737 4086 iant
748 4053 801 4087 sans
814 4043 880 4088 doute
892 4044 931 4088 iiro
942 4045 1067 4090 maasiam

10 4125 62 4168 pour
75 4112 96 4156 ie
115 4123 168 4156 sens
182 4115 203 4154 et
217 4109 290 4153 donno
308 4119 352 4150 una
367 4105 451 4161 syliabs
464 4105 491 4148 da
506 4111 554 4159 trop

11 4187 37 4216 uu
