2662 4968
470 389 636 444 —lel-

91 517 118 579 si
132 516 250 578 dentur
265 517 423 578 enxennia
437 519 498 595 (l),
514 515 589 576 sunt
602 512 804 592 adulatores,

92 624 118 686 si
131 627 258 687 cessant
270 622 398 688 servitia
405 623 486 685 sunt
498 620 706 684 attentatores
718 623 772 694 (a).

94 767 177 844 Ergo
191 763 336 842 mi[m]mi
350 761 464 827 merito
481 763 532 826 vel
543 763 738 841 ioculatores

93 869 156 934 diei
170 873 323 951 possunt,
342 868 459 933 saeculi
473 870 523 933 vel
535 868 732 930 baratatores
744 871 788 944 (3)
801 895 810 948 3

93 977 230 1040 aliorum
243 977 392 1042 ordinum
405 975 488 1038 siunt
498 977 753 1055 contemptores,

93 1101 169 1146 nam
185 1101 220 1146 se
233 1083 370 1146 eredunt
383 1081 452 1144 aliis
465 1081 717 1146 excellentiores.

93 1231 151 1288 Per
164 1227 250 1305 fora,
265 1242 322 1305 per
335 1222 496 1288 nundinas
511 1227 607 1304 atque
619 1242 676 1306 per
689 1224 809 1306 plateas

93 1331 298 1413 discurrunt,
313 1349 369 1412 per
383 1348 526 1394 cameras
541 1349 601 1394 neo
614 1331 717 1395 vitant
728 1331 907 1414 elploreas3

93 1442 125 1501 et
138 1439 165 1502 si
178 1438 261 1501 fiunt
273 1436 421 1518 nuptiae,
435 1455 513 1499 mox
522 1437 646 1501 vadunt
661 1438 704 1500 ad
718 1453 772 1500 eas
787 1463 795 1497 ε

93 1546 262 1626 quodnon
277 1544 373 1608 credo
387 1544 504 1607 doceat
515 1547 639 1608 llaruelr
654 1545 704 1609 vel
717 1545 883 1608 Michaeas.

93 1702 236 1778 Cumque
248 1714 304 1777 per
316 1695 497 1777 provincias
509 1699 585 1761 sunt
597 1695 818 1780 inquisitores,

94 1806 196 1867 malos
209 1803 410 1884 beatificant,
433 1802 586 1864 damnant
599 1802 745 1865 meliores
757 1850 765 1883 ,

93 1915 127 1974 et
137 1910 193 1992 qui
206 1911 293 1973 eibos
304 1913 494 1990 praeparant
507 1908 553 1973 eis
566 1910 712 1991 latioreS,

94 2036 182 2081 nuno
195 2017 279 2080 inter
290 2020 432 2080 caeteros
444 2019 545 2092 (sunt)
558 2017 652 2080 laude
664 2017 836 2098 digniores.

94 2283 136 2328 ne
151 2266 255 2328 solum
266 2264 415 2327 ecelesias
429 2268 579 2346 gravant,
595 2267 674 2329 haee
687 2243 842 2345 dicendo,

95 2371 155 2434 sed
168 2369 378 2451 parrochialia
389 2371 462 2450 jura
476 2368 671 2451 minuendo,

96 2479 225 2558 propter
236 2475 323 2556 quod
334 2477 410 2538 sunt
423 2474 527 2538 elerici
539 2475 616 2538 laeti
630 2493 696 2540 non
710 2473 872 2540 solvendo.

96 2627 159 2688 lsta
169 2623 332 2705 privilegia
345 2626 422 2686 sunt
434 2623 480 2687 eis
492 2623 617 2715 indulta

95 2747 209 2810 apapa
220 2727 386 2810 Gregorio,
407 2729 522 2812 quibus
536 2732 584 2792 est
597 2729 728 2793 suffulta

96 2855 209 2901 eorum
221 2837 435 2918 praesumptio
448 2839 583 2918 superba
597 2840 629 2900 et
642 2837 757 2918 stulta,

96 2950 130 3009 et
139 2944 350 3026 parrochialia
361 2948 435 3026 jura
447 2948 522 3008 sunt
533 2944 665 3024 sepulta.

98 3096 228 3161 Miratur
239 3098 274 3173 (l.
287 3098 427 3162 Mutatur
435 3101 460 3174 l)
473 3095 612 3163 aeclesia
626 3113 645 3158 a
658 3098 744 3158 statu
758 3095 878 3176 priore,

99 3223 155 3286 per
166 3206 247 3268 haee
260 3203 423 3286 privilegia
437 3203 470 3266 in
485 3202 661 3284 doteriore3

98 3313 227 3392 plorant
239 3327 298 3374 suo
312 3327 451 3373 canones
465 3327 574 3374 carere
586 3307 713 3388 vigore,

98 3419 227 3498 plorant
239 3434 299 3480 suo
314 3416 418 3481 cleriei
431 3414 544 3497 privati
558 3417 691 3480 honore.

31 3664 57 3720 (l)
85 3662 208 3717 Prtsentn
236 3659 364 3716 corruption
388 3659 491 3704 nouvelle
515 3659 544 3703 (le
579 3659 639 3710 tutu
654 3663 736 3702 mmor
748 3665 845 3712 nanque
854 3654 910 3699 dans
923 3654 944 3698 la
954 3653 1056 3700 nouvelle
1068 3651 1118 3698 edl-

11 3721 116 3776 lentem
127 3720 544 3777 ondisaitordinairementllmalm
579 3720 627 3765 tion
640 3719 668 3766 (lo
680 3719 710 3766 du
722 3719 816 3774 ungo:
829 3717 945 3764 uonna
965 3717 999 3762 est
1016 3716 1076 3760 reste
1089 3727 1118 3760 en

9 3797 82 3842 oupar
92 3785 204 3842 euphonia
217 3783 383 3828 lincoliniam:
583 3781 668 3826 italien.

30 3859 254 3899 pmuppaunlopulo:
267 3857 299 3890 aad
308 3859 464 3890 maternarum
472 3855 521 3910 ⁶⁰¹³?
608 3861 638 3919 (3)
658 3860 805 3917 mmmm,
826 3857 976 3914 hempeurs,
999 3867 1027 3900 en
1043 3854 1119 3900 italien

30 3907 77 3947 qao
86 3904 199 3946 a¹1⁸²¹⁶⁰t¹¹⁰
208 3903 270 3943 mm·
281 3911 336 3935 Μ’·
347 3901 535 3934 mmmmm·
581 3921 730 3974 uersatilem
750 3921 777 3966 de
797 3920 907 3970 Baretta,
921 3907 1047 3976 thauget
1061 3921 1120 3963 00210

108 3959 269 4015 Ebem'dus’
285 3957 447 4016 &mmm
462 3959 497 4004 ⁰¹¹·
507 3965 542 4005 ¹¹·
581 3983 712 4040 etymologis
726 3978 783 4026 n'est
794 3993 846 4038 pas,
865 3993 952 4026 eomme
963 3992 991 4025 on
1001 3979 1056 4032 roll,
1072 3978 1086 4024 a
1098 3978 1118 4022 la

32 4049 58 4104 la)
71 4049 103 4094 lla
113 4050 260 4092 commattant
268 4046 308 4090 des
317 4045 410 4100 erinae,
422 4047 461 4095 dea
472 4046 547 4092 ottae·
580 4046 675 4101 louange
683 4045 713 4090 du
724 4054 850 4090 commoneo
863 4043 892 4088 da
903 4053 983 4099 moyen
991 4043 1044 4098 age.
