2662 4968
474 419 638 477 -rle—

7 561 64 606 rers
78 543 239 623 classique
252 543 306 622 qui
321 542 400 606 rime
411 559 488 608 avec
501 545 547 608 les
561 543 638 606 trois
651 546 768 606 autres.
784 543 929 606 Giraldus
942 543 1115 607 cambren-

7 649 36 711 is
49 649 131 712 etait
144 648 347 712 intimement
359 648 399 710 lie
414 665 491 712 avec
504 650 624 712 Walter
635 653 758 730 llapes,
777 652 809 711 et
823 667 889 712 non
904 650 1081 711 seulement
1092 649 1114 710 il

7 775 34 820 1e
53 759 84 820 le
107 757 173 820 cite
185 774 226 820 en
240 774 348 819 aucun
368 755 495 820 endroit
513 755 553 818 de
573 754 842 818 sesvolumineux
855 755 967 836 ierim,
992 771 1116 818 comme

7 863 136 926 t’auteur
147 862 204 924 des
218 860 329 924 satires
340 879 382 923 en
392 860 556 941 quatrains
569 861 780 942 monorimeS,
795 861 875 925 mais
888 861 910 924 il
924 861 1064 941 exprime
1076 862 1116 924 de

7 965 185 1030 ¹amanidre
197 967 229 1028 la
247 967 319 1046 plus
341 983 417 1029 crue
430 983 489 1029 son
502 964 618 1046 mepris
631 983 713 1047 pour
734 967 779 1028 les
799 965 902 1046 pieces
923 965 966 1031 od
986 962 1116 1048 figurait

7 1070 109 1132 iulias.
131 1093 147 1128 ι
156 1068 315 1133 Parasitus
325 1067 467 1149 quidam,
478 1070 581 1132 Golias
592 1069 733 1148 nomine,
747 1069 864 1134 nostris
874 1070 985 1134 diebus
995 1070 1117 1150 gulosi-

7 1178 58 1236 ate
71 1174 196 1254 pariter
209 1176 241 1236 et
253 1172 437 1236 leccacitate
451 1174 697 1256 famosissimus,
722 1176 776 1255 qui
797 1175 901 1240 Golias
914 1176 1027 1240 melius
1041 1176 1115 1257 quia

7 1283 87 1362 gulae
102 1284 139 1343 et
149 1281 298 1360 crapulae
309 1297 365 1360 per
374 1279 480 1343 omnia
493 1279 619 1342 deditus
631 1279 692 1342 dici
706 1281 825 1363 potuit,
841 1281 999 1344 litteratus
1009 1285 1116 1344 tamen

7 1387 139 1468 metim,
155 1385 213 1448 sed
224 1402 283 1448 neo
298 1387 380 1448 bene
393 1386 623 1466 morigeratus,
644 1404 704 1448 nec
718 1385 810 1450 bonis
830 1387 1117 1468 disciplinisinfor-

7 1495 119 1572 natus,
141 1490 176 1554 in
196 1496 312 1570 Papam
332 1494 365 1553 et
385 1491 511 1554 Curiam
531 1510 697 1555 romanam
710 1493 850 1557 carnuna
865 1495 986 1557 famosa
999 1494 1117 1575 pluries

7 1598 29 1656 et
47 1594 205 1674 plurima,
221 1597 286 1656 tam
300 1594 431 1658 metrica
451 1613 547 1675 quam
560 1595 709 1679 ridmica,
729 1615 795 1660 nan
808 1598 914 1660 minus
928 1599 1117 1680 inpudenter

7 1716 93 1779 quam
115 1697 336 1778 impmdenter
347 1699 489 1763 evomuit
500 1703 554 1776 (1).
572 1722 588 1758 u
611 1701 702 1764 Enfin
716 1704 835 1765 Walter
852 1707 957 1783 llapes
976 1703 1054 1766 e'tait
1073 1722 1117 1766 un

7 1807 164 1870 rourtisan
180 1805 303 1870 devoue
315 1809 349 1869 et
361 1826 405 1869 un
420 1807 554 1870 familier
567 1808 607 1870 de
620 1808 714 1871 llenri
729 1813 753 1871 ll
765 1813 824 1890 (2),
846 1812 878 1872 et
897 1810 976 1872 daus
993 1812 1022 1872 le
1039 1829 1113 1872 ma-

7 1911 123 1974 nuscrit
136 1911 219 1973 dont
232 1927 314 1973 nous
335 1910 483 1990 publions
498 1910 584 1973 deux
602 1910 723 1991 pidem,
746 1909 807 1991 ily
826 1929 845 1972 a
864 1929 909 1974 un
928 1929 1016 1975 assez
1038 1915 1130 1992 long·

7 2024 111 2094 poeme
123 2013 252 2077 intitule
270 2018 312 2077 lle
324 2016 452 2078 adveatu
465 1995 659 2096 Antichristss
674 2014 717 2077 od
731 2017 867 2077 l'auteur
879 2017 930 2078 n’a
945 2033 1000 2096 pas
1015 2018 1116 2080 oraint

7 2122 38 2184 le
49 2122 120 2185 dire
135 2150 143 2183 ι

137 2257 256 2336 thuid
268 2257 394 2337 quaeris
408 2259 505 2321 alium
519 2259 576 2322 tini
589 2277 828 2339 praecursorem

135 2381 236 2444 quam
248 2364 337 2427 illum
351 2364 532 2428 Britanniae
544 2383 728 2446 perversum
741 2367 916 2446 rectorem,

136 2470 194 2552 qui
209 2469 323 2551 triplici
337 2471 444 2551 gladio
458 2474 570 2534 eontra
580 2473 635 2551 ius
648 2473 681 2532 et
692 2487 831 2550 morem,

137 2578 339 2657 impudenter
351 2576 485 2640 messuit
498 2576 701 2640 sacerdotum
714 2577 844 2638 florem?

137 2708 222 2782 Quid
236 2709 333 2771 fuisse
346 2707 469 2771 facinus
484 2706 562 2770 dicis
578 2707 612 2769 in
625 2709 784 2787 Symone?

137 2815 221 2890 Quid
235 2820 391 2880 Neronem
404 2814 539 2879 ventilas
554 2813 593 2876 de
606 2813 784 2876 seditione?

138 2929 209 2986 Rex
220 2923 275 3004 qui
288 2923 392 3004 perdit
404 2923 582 3003 praesulem
595 2921 629 2984 in
639 2919 832 3002 perditione,

138 3047 251 3094 revera
265 3029 415 3093 neronior
428 3031 478 3092 est
490 3028 559 3108 ipso
572 3031 695 3114 Nerone
708 3028 762 3103 (3).

23 3256 50 3309 (ι)
65 3251 201 3311 ⁸§patrensium
219 3251 351 3308 Ecclesiae,
365 3254 420 3298 dans
436 3253 456 3297 le
475 3251 545 3296 Latia
580 3251 726 3306 ltacgecrgus
739 3261 752 3292 a
764 3248 839 3304 publii
850 3249 938 3305 d'apres
952 3260 982 3293 un
993 3251 1119 3296 tres-rieux

12 3327 74 3360 uems
101 3311 232 3370 commonly
253 3313 384 3360 attributed
408 3318 430 3359 lc
458 3312 546 3362 Walter
581 3311 1121 3366 manuscritconserveenltourgogneunpoeme

12 3375 90 3434 lapes,
108 3389 132 3432 p.
148 3389 252 3421 xxxam.
580 3384 625 3430 que
643 3372 674 3417 Μ.
692 3370 778 3427 witger
798 3371 833 3416 n'a
855 3373 933 3416 trouve
955 3373 1011 3416 dans
1031 3385 1120 3416 aucune

25 3457 53 3510 (ἓ)
79 3452 146 3499 Unde
168 3464 219 3496 cum
234 3453 325 3509 sequela
345 3453 420 3497 curiae
442 3451 510 3496 luerit
523 3456 546 3495 et
581 3436 697 3508 ⁰⁰¹¹0⁰²i⁰f¹
711 3435 738 3479 ‘¹0
755 3435 984 3506 Ρθέὓῑθθιῦβῑῑῐὶίίΰθὲ·
1004 3434 1063 3506 θ’θὲῑ
1078 3448 1121 3478 ⁰¹¹⁰

13 3518 55 3570 2359
73 3513 171 3558 flam-joi
183 3514 324 3558 ,emmim
343 3513 495 3570 (pomesmeus
507 3512 545 3557 [a.
581 3499 720 3544 exhortatron
735 3502 796 3540 toute
813 3497 943 3552 religieuse‚
960 3495 1062 3539 adressee
1076 3508 1123 3539 aux

14 3577 109 3685 ppxaxrixs¹3
135 3575 265 3632 specwpwm
288 3575 420 3631 pamm,
445 3576 546 3631 widem,
581 3564 708 3668 {misitsed
722 3558 777 3603 mise
793 3558 848 3602 dans
862 3559 883 3601 la
899 3557 986 3602 bouche
1004 3560 1031 3600 de
1044 3557 1122 3599 lesus-

24 3719 50 3770 (ὅ)
65 3719 130 3761 Τοιιι
150 3713 234 3758 semble
255 3713 367 3759 d'ailleurs
385 3726 482 3771 prouver
502 3726 547 3770 que
626 3695 1011 3773 P¹⁸⁰³t⁰r⁰⁸fflssi¹nilwitigim&

15 3777 79 3821 talias
95 3777 177 3820 n’etait
190 3787 231 3831 pas
245 3787 275 3818 un
287 3777 365 3831 simple
377 3788 429 3820 nom
440 3777 546 3822 litteraire
626 3750 871 3838 ffiffiusndnis.
880 3789 899 3838 os
907 3765 969 3836 „ten”
1039 3819 1042 3828 ,

15 3853 47 3883 tus
57 3839 136 3895 lequel
148 3850 173 3882 se
183 3837 272 3881 cachait
284 3850 314 3881 un
327 3837 428 3893 anglais,
439 3839 495 3882 mais
502 3849 546 3881 une
625 3830 961 3870 ³¹¹¹¹bl⁵l³⁸¹⁰¹1¹¹¹⁰l⁰fb¹²⁰i¹⁸'¹¹⁰¹-

15 3908 54 3946 ule
66 3903 99 3946 de
111 3912 164 3944 nom
175 3899 303 3956 mutuique,
318 3900 372 3955 qui,
387 3911 474 3944 eamme
488 3900 546 3945 ras-
581 3899 670 3944 Flucius
682 3897 785 3958 illyricus
798 3897 837 3952 qui
852 3896 968 3941 cherclrait
981 3902 1071 3952 partcut
1084 3897 1124 3941 des

16 3965 63 4018 uin,
79 3961 248 4019 n'apparteuait
259 3961 436 4006 exclusivement
449 3961 471 4003 ui
487 3962 500 4004 a
514 3972 544 4004 un
581 3961 661 4006 satiras
669 3965 746 4004 contre
755 3959 843 4014 l'llgtisc
852 3959 964 4012 rumeins,
973 3971 986 4002 a
996 3959 1123 4014 reimprimd

16 4037 69 4080 rmps
84 4025 133 4069 nia
148 4037 178 4068 un
190 4035 253 4080 pays.
264 4024 326 4067 Dans
337 4025 357 4068 le
370 4023 445 4079 Sylva
458 4023 546 4068 carmi-
582 4029 641 4070 cette
651 4023 714 4078 pieoe
725 4022 781 4066 (lans
791 4033 831 4064 son
841 4021 875 4064 De
885 4023 996 4077 corrupto
1007 4020 1124 4064 Ecclesiae

17 4089 96 4131 amin
104 4086 182 4131 nostri
194 4086 307 4142 temperis
314 4084 474 4142 corruptelas,
485 4089 546 4140 pet,
583 4087 658 4138 stata,
676 4097 698 4139 p.
719 4088 769 4138 itit,
786 4095 838 4127 sous
854 4083 874 4126 le
888 4083 939 4126 titre
956 4081 983 4126 do
1000 4081 1080 4125 Golias
1094 4082 1124 4126 ad

1016 4161 1049 4216 lo
