2672 4968
710 452 875 512 -258—

540 593 596 658 per
609 593 690 658 quos
702 579 811 643 hostes
825 576 981 640 delentur.

539 685 753 766 therusalem,
768 683 892 748 exulta!

539 821 607 882 Rex
620 820 744 899 pugnat
756 821 789 880 et
801 814 979 898 praecedit5

512 959 515 962 ·
543 924 589 988 sic
601 941 688 987 mors
699 923 860 988 neminem
873 921 986 1002 laedit,

541 1030 595 1112 qui
607 1028 742 1093 moritur
756 1028 833 1092 dum
844 1027 940 1093 cedit.

539 1135 751 1217 herusalem,
766 1134 894 1198 exulta!

539 1273 565 1334 0
578 1264 658 1332 mira
671 1271 725 1334 lex
738 1263 880 1336 vivendi!

538 1381 582 1441 De
595 1395 672 1441 casu
685 1376 843 1441 moriendi

540 1483 588 1547 vis
600 1483 702 1547 oritur
715 1483 879 1546 nascendi.

538 1591 752 1671 iherusalem,
766 1588 891 1652 exulta!

539 1726 735 1789 iherusalem
753 1723 929 1805 terrestris,

537 1832 726 1913 piincipium
737 1831 900 1912 coelestis,

536 1943 655 2003 laetare
669 1938 765 2004 novis
775 1937 863 2002 iestis
876 1938 885 2000 1

535 2047 747 2127 therusalem,
761 2047 870 2108 exulta
882 2044 890 2106 t

537 2179 625 2243 Felix
636 2182 685 2242 est
698 2179 750 2242 ille
760 2180 895 2262 mensis,

538 2306 603 2369 quo
617 2291 648 2350 te
660 2290 789 2350 tuorum
801 2288 902 2369 ensiS‚

539 2392 623 2455 eruit
634 2393 674 2454 ab
688 2392 834 2456 intensis!

537 2500 750 2582 therusalem,
765 2501 892 2564 exulta!

539 2636 554 2695 J
557 2633 651 2696 unius
663 2633 844 2715 obsidendi,

534 2737 633 2818 julius
645 2737 790 2818 capiendi

537 2849 592 2926 jus
605 2845 693 2908 dedit
706 2849 738 2909 et
750 2847 920 2926 gaudendi.

539 2952 750 3033 Jherusalem,
762 2953 885 3016 exulta!

540 3088 586 3150 Ab
597 3090 672 3150 ortu
685 3087 920 3170 Redemptoris,

542 3193 582 3254 ad
597 3194 659 3256 hoc
672 3197 797 3272 tempus
811 3175 957 3275 honoris}

484 3291 485 3296 ’
541 3300 636 3363 certis
646 3300 780 3365 maturis
794 3301 898 3382 horiS,

541 3407 753 3488 Jherusalem‚
769 3408 892 3470 exulta!

543 3539 624 3603 Anni
639 3541 765 3606 centeni
776 3543 916 3623 tructus,

543 3646 695 3710 undecies
708 3648 875 3728 reductae,

547 3753 640 3816 diluit
651 3754 754 3816 omnis
765 3757 798 3829 (l.
811 3773 922 3818 omnes
929 3756 952 3834 i)
965 3757 1080 3820 luctus.

544 3861 755 3942 iherusalem,
771 3864 880 3924 exulta
893 3863 900 3925 1

543 3997 637 4058 sexta
650 3994 702 4057 die
715 4010 888 4075 suspensus
900 4025 908 4078 3

545 4105 634 4164 sexta
649 4102 709 4164 fuit
720 4102 869 4166 defensus
