2676 4968
710 425 751 436 -
765 394 873 454 asl-

331 523 377 586 sit
387 537 523 602 persona
538 522 667 601 decens,
683 521 809 601 sapiens
820 523 853 582 ct
867 522 1009 598 strenua,
1022 517 1063 578 sit
1077 533 1159 596 quae

372 645 438 691 non
451 628 575 690 minuat
588 630 735 690 nostrum
749 625 914 690 nobilitate
930 642 1042 705 genus.

332 735 483 818 Denique,
497 734 553 798 ubi
567 733 640 798 talis
651 735 693 797 sit
704 735 824 796 ut'esso
836 751 893 814 per
902 733 1010 796 omnia
1023 731 1173 810 dignum,

370 843 460 905 illum
473 859 525 906 me
537 859 632 906 nemo
643 843 716 921 iure
728 857 848 920 negare
860 843 969 920 queat.
982 851 1010 918 »2

331 949 505 1030 Respondit
517 951 696 1012 llaclromes
710 975 718 1010 t
736 971 752 1007 a
766 950 901 1028 Operam
915 947 998 1010 dabo
1013 949 1108 1010 nocte
1120 945 1254 1024 dieque3

371 1057 505 1120 forsitan
515 1055 676 1122 inveniam
686 1055 741 1135 qui
755 1055 866 1118 deceat
879 1054 1051 1118 dominam.

332 1164 411 1245 Sed,
426 1163 500 1244 quia
514 1161 569 1228 vix
581 1161 652 1225 talis
666 1163 700 1226 in
719 1161 826 1225 multis
840 1161 1031 1240 invenietur,

370 1269 459 1349 quod
470 1269 596 1350 quaeris
608 1268 696 1348 longi
711 1268 862 1348 temporis
873 1283 943 1332 esse
955 1285 1038 1332 reor.

331 1379 399 1439 Non
414 1375 522 1439 dissido
536 1378 655 1457 tamen,
670 1375 745 1456 quia
758 1375 785 1438 si
797 1380 881 1439 Deus
894 1375 956 1438 ista
969 1377 1078 1439 lutura

369 1481 536 1564 praevidit,
550 1501 616 1546 non
630 1484 680 1545 est
690 1500 748 1546 eur
761 1499 928 1546 remanere
942 1486 1072 1564 queant.
1088 1506 1103 1539 n

330 1586 384 1650 llis
394 1587 499 1670 dictis,
514 1589 694 1652 Machomes
705 1589 891 1671 abscedens,
903 1588 1036 1670 pervigil
1051 1589 1170 1673 instat,

371 1691 397 1755 si
411 1711 538 1774 quoque
550 1695 632 1758 sorte
643 1695 740 1758 modo
755 1694 872 1758 ducere
884 1695 983 1774 possit
994 1713 1077 1758 eam.

333 1797 532 1864 Transierant
546 1799 600 1862 vix
611 1803 686 1863 octo
701 1801 769 1864 dies
783 1819 856 1864 eum
871 1801 1024 1872 subdolus
1038 1801 1111 1882 ille,

372 1923 518 1969 veracem
531 1907 696 1989 simulans,
709 1907 958 1989 praemeditatus
969 1908 1071 1972 adest.
1179 1991 1181 1994 Ι

332 2013 463 2075 Vultum
478 2013 616 2076 demittit
628 2015 687 2094 (l),
703 2015 814 2078 oeulos
829 2017 951 2096 gravat,
966 2014 1063 2078 allicit
1074 2034 1149 2097 ora,

371 2120 526 2182 mentitur
537 2119 617 2184 facie
631 2120 805 2202 relligionis
817 2141 907 2204 opus.

331 2227 469 2290 Pallidus
483 2231 624 2309 apparet,
640 2231 676 2290 ut
690 2228 824 2310 quilibet
835 2231 921 2293 huno
933 2230 1122 2294 heremitam

371 2337 427 2397 aut
438 2337 665 2398 anachoretam
675 2335 799 2416 judicet
811 2340 869 2400 aut
878 2340 1071 2402 monachum
1083 2364 1093 2418 ς

249 2478 253 2487 ι
328 2443 437 2504 Talem
449 2461 483 2506 se
495 2441 624 2506 simulat
637 2446 673 2506 ut
688 2442 793 2507 dicere
807 2461 881 2508 vera
893 2447 1037 2526 putetur,

371 2566 445 2610 cum
460 2549 622 2612 dominam
635 2551 734 2630 fallet,
748 2550 828 2613 salsa
840 2551 1002 2630 loquendo
1015 2569 1073 2613 sua
1086 2581 1094 2632 3

331 2655 581 2736 Rhetoricosque
593 2656 659 2720 suis
668 2656 773 2720 verbis
786 2656 949 2720 miscendo
963 2657 1104 2736 colores,

290 2754 292 2758 ’
371 2779 446 2824 eum
457 2760 586 2824 domina
600 2764 753 2842 tanquam
766 2760 885 2824 Tullius
899 2762 979 2824 alter
993 2760 1070 2842 agit.

332 2891 348 2925 a
364 2867 394 2931 Si
405 2866 516 2946 Juveni
532 2868 634 2929 nuhas
646 2885 742 2948 quem
755 2866 870 2930 nobilis
883 2867 963 2930 ordo
973 2872 1159 2950 parentum,

368 2990 463 3052 quem
477 2972 574 3035 decus
589 2975 686 3052 atquo
700 2973 808 3054 decor,
824 2972 1061 3055 strenuitasque
1074 2975 1175 3056 levet,

328 3081 541 3159 Depopulator
554 3079 614 3141 erit
625 3097 733 3142 rerum
744 3082 881 3143 fortasse
895 3085 1023 3145 tuarum
1038 3110 1047 3164 3

368 3186 504 3248 vastabit
515 3186 617 3267 villas,
631 3185 760 3266 praedia
775 3187 948 3270 destituet,

327 3293 439 3355 Omnia
453 3297 621 3357 consumet
634 3294 770 3358 vivendo
781 3295 946 3358 luxuriose
959 3324 967 3358 ι

368 3416 450 3478 quae
461 3399 558 3462 modo
571 3399 660 3464 dives
673 3417 755 3480 eras,
770 3400 812 3462 ad
823 3402 921 3465 breve
932 3419 1053 3482 pauper
1066 3403 1149 3484 eris3

323 3507 479 3586 Quodque
492 3509 570 3586 puio
584 3507 723 3588 gravius,
740 3511 771 3569 ie
785 3525 951 3589 spernens,
967 3509 1023 3571 fiet
1037 3510 1164 3572 adulter
1177 3535 1185 3590 3

363 3613 463 3693 unde,
476 3612 592 3676 timens
603 3613 709 3695 capiti,
723 3632 789 3676 non
803 3614 865 3676 eris
880 3631 959 3676 ausa
972 3615 1073 3695 loqui.

325 3721 393 3792 Qua
405 3736 439 3780 re
450 3717 618 3781 consilium
630 3718 789 3799 dominae,
804 3736 856 3781 me
864 3719 985 3802 judice,
998 3738 1065 3784 non
1078 3725 1127 3784 est

367 3824 483 3888 nobilis
496 3828 529 3887 et
537 3824 665 3905 juvenis
677 3843 829 3904 quaerere
841 3826 1037 3908 conjugium.

255 4071 283 4111 (tl
299 4068 403 4112 Dimittit
414 4068 470 4112 daus
482 4067 509 4110 B.
