2662 4968
693 435 856 491 -138-

487 557 625 622 Aestimo
638 573 697 637 pro
711 575 808 622 sensu
818 573 891 620 meo
902 607 910 638 ,

485 662 573 742 quod
585 661 783 742 praebendas
793 678 859 724 non
872 678 931 741 pro
946 666 1009 723 Deo

484 767 565 826 Pure
579 763 674 845 dant3
690 763 747 826 sed
761 779 831 826 mos
842 765 891 826 est
904 761 983 826 sibi:

486 872 529 931 Da
541 868 619 930 mihi
634 885 739 947 nune,
754 869 838 932 dabo
850 868 917 930 tibi.

484 974 535 1038 Sie
549 975 590 1037 ad
604 974 739 1038 invicem
753 974 920 1038 colludunt

484 1081 581 1159 atque
594 1095 749 1159 pauperes
763 1078 948 1142 excludunt.

488 1183 547 1259 Qui
561 1183 719 1248 redonant
732 1183 792 1246 illis
807 1184 921 1264 datum

488 1288 527 1350 de
540 1287 650 1367 egenis
663 1303 728 1350 non
744 1291 884 1350 curatur.

489 1391 575 1455 Heu!
591 1394 798 1472 quamobrem
810 1411 876 1455 non
894 1392 1082 1471 attendunt,

488 1497 575 1577 quod
588 1494 634 1558 sic
647 1495 761 1560 Christi
774 1497 859 1559 bona
873 1496 1033 1574 vendunt,

486 1604 573 1676 Quae
587 1600 747 1682 praecepit
760 1605 842 1663 Deus
856 1601 925 1664 dari

486 1705 586 1786 gratis
600 1709 633 1768 et
645 1703 712 1768 no'n
725 1705 925 1768 venundari?

488 1811 715 1874 Daemonizant
728 1814 760 1874 et
773 1814 822 1874 est
835 1828 974 1891 aequum

487 1917 572 1996 quod
586 1915 767 1979 mercedem
781 1920 910 1979 sumant
919 1917 960 1995 (1)
975 1931 1096 1977 seeum.

487 2021 581 2084 Miror
593 2021 669 2101 quid
684 2026 761 2086 tune
775 2024 1028 2104 respondebunt,

487 2129 562 2188 ante
575 2130 674 2189 Deum
688 2127 765 2189 dum
775 2128 807 2207 (1.
818 2129 922 2203 eum?)
932 2127 1099 2207 parebunt,

490 2231 682 2311 Responsuri
696 2232 736 2294 de
750 2249 784 2294 re
799 2235 907 2312 gesta,

490 2330 515 2392 si
530 2331 571 2393 sit
584 2329 653 2395 vilis
666 2332 716 2394 vel
731 2333 864 2394 honesta
881 2380 889 2412 ‚

487 2434 544 2498 Ubi
560 2451 683 2514 genus,
704 2449 770 2516 res,
786 2437 942 2514 honores,

449 2525 451 2531 ’
490 2538 607 2600 nemini
622 2541 697 2600 sunt
709 2540 882 2620 adjutores.

529 2642 706 2706 Advertatis
719 2661 793 2726 VOS,
808 2643 958 2724 praelati,

489 2751 644 2826 quantum
658 2749 817 2827 oportebit
827 2750 910 2830 pati,

492 2856 567 2915 Post
584 2855 667 2916 hane
682 2853 779 2917 vitem
795 2873 853 2935 pro
867 2855 1022 2936 peccatis,

495 2961 532 3019 ut
543 2975 626 3038 quae
637 2961 724 3037 justa
736 2961 811 3021 sunt
823 2960 935 3040 agatis.

492 3065 530 3124 Et
544 3060 644 3124 curati
660 3063 859 3144 sacerdotes

492 3164 690 3246 possidentes
703 3168 824 3246 amplas
836 3167 947 3247 dotes,

493 3277 536 3334 De
549 3274 651 3334 salute
665 3273 844 3337 animarum

493 3376 694 3440 subditorum
706 3382 750 3456 (2)
762 3381 876 3441 curant
886 3396 1009 3459 parum.

495 3481 576 3543 Nihil
592 3486 706 3545 curant
719 3500 815 3563 quam
828 3484 947 3545 habere

494 3590 526 3648 et
540 3587 721 3652 hominibus
735 3588 877 3667 plaeer03

496 3707 562 3751 non
576 3690 748 3754 advertunt
760 3692 802 3753 ad
814 3693 968 3755 clamores

496 3811 690 3875 pauperum,
706 3793 763 3857 sed
776 3795 931 3859 claudunt
943 3797 1036 3859 fores.

498 3898 547 3961 Sic
560 3915 620 3961 nec
634 3898 784 3981 subditis,
800 3902 838 3960 ut
851 3899 983 3980 debent,

254 4124 283 4179 (ι)
297 4120 461 4167 Sumunldens
470 4120 622 4174 Neogeorgus.
830 4124 857 4177 ω)
870 4121 1027 4167 subditarum
1036 4121 1092 4166 dans
1107 4121 1249 4178 Neogeorgus
