2652 4968
463 484 628 541 —163—

69 598 131 658 sed
146 599 295 663 moderni
308 605 471 681 praesules
485 607 685 674 hunosolum
699 613 823 692 legere:

71 703 102 765 Si
117 702 204 766 nihil
219 707 378 790 attuleris,
393 710 511 794 exibis,
528 717 670 779 Homero.

72 827 178 906 Magis
192 829 277 891 fiunt
287 831 371 895 avidi
386 836 511 898 tumore
522 837 710 923 bursarum,
767 885 769 896 ι

72 931 164 994 sitim
177 935 267 1014 quod
280 938 469 1018 multiplicat
482 943 554 1006 fons
568 944 767 1030 divitiarum,

74 1038 153 1117 quia
167 1039 216 1103 sic
228 1042 412 1108 desiderant
425 1054 597 1128 congestus
610 1070 738 1138 earum,

77 1151 113 1207 ut
127 1165 245 1212 cervus
260 1150 420 1215 desiderat
433 1155 473 1217 ad
488 1158 592 1221 fontes
607 1179 771 1240 aquarum.

78 1273 107 1334 Si
122 1291 176 1336 me
191 1276 300 1339 forsan
314 1277 428 1342 odiunt
442 1283 483 1343 ob
497 1283 560 1347 hoo
570 1285 745 1369 Pharisaei,

77 1380 166 1458 quod
180 1398 237 1443 eos
252 1401 318 1446 non
332 1388 423 1449 taceo
437 1390 546 1452 tantae
559 1408 631 1454 reos
645 1395 708 1475 rei,

79 1489 218 1551 cantabo
232 1491 415 1571 suppliciter
428 1494 460 1558 in
475 1501 648 1578 conspectu
663 1501 715 1563 Dei
730 1531 738 1562 ι

79 1597 145 1672 Ego
160 1594 247 1678 dixi,
263 1597 415 1679 Domine,
430 1600 666 1666 misereremei.

80 1729 139 1791 Sed
154 1731 277 1793 asculta
292 1735 353 1814 (l),
369 1733 533 1816 Pontifex,
555 1755 611 1800 eor
624 1739 745 1803 habens
759 1746 824 1804 tam
837 1761 987 1826 coecum,

80 1839 114 1897 ut
128 1838 299 1902 thesauros
312 1858 505 1924 congreges,
520 1845 653 1909 aestimo
668 1866 733 1910 non
746 1867 901 1932 aequum,

78 1961 177 2022 quare
193 1945 271 2034 dicit
284 1946 436 2010 Dominus
450 1952 487 2010 ut
494 1952 561 2029 jam
574 1952 688 2032 loquar
700 1957 805 2038 tecum
819 1985 826 2017 ι

13 2045 14 2124 j
81 2055 190 2114 Nonne
205 2069 246 2116 ex
259 2053 391 2117 denario
405 2056 581 2120 convenisti
595 2066 742 2122 mecum?

82 2185 180 2267 Audi,
195 2190 307 2250 Pastor
320 2189 443 2270 ovium,
460 2189 565 2252 vivere
576 2190 602 2252 si
614 2193 714 2273 velis,

80 2295 222 2371 pugnato
235 2310 294 2372 pro
305 2294 400 2355 lsrael
411 2293 558 2357 manibus
574 2300 606 2358 et
617 2297 705 2380 telis,

80 2397 122 2460 sis
136 2397 168 2460 in
181 2398 277 2462 domo
289 2400 412 2463 Domini
426 2400 566 2481 prudens
578 2407 610 2466 et
623 2404 742 2486 fidelis,

80 2509 116 2567 ut
127 2506 259 2568 laudare
271 2509 378 2571 valeas
391 2509 560 2572 bominum
572 2507 611 2573 de
623 2511 739 2575 coelis!

80 2719 178 2782 Saliae
191 2721 226 2782 de
239 2720 345 2783 Pterre
364 2723 413 2784 des
433 2723 537 2803 Vipaes
556 2740 608 2786 aar
629 2725 671 2786 les
691 2725 841 2790 desordres
855 2730 894 2790 de
914 2747 998 2810 corps

400 2829 637 2909 ecclesicsfiqoe(
657 2833 678 2904 ).

13 3009 14 3060 l
78 3001 257 3064 vehementi
270 3002 405 3064 nimium
418 3008 597 3068 commotus
608 3006 734 3087 dolore,

80 3124 253 3172 sermonem
265 3108 433 3190 aggredior
447 3109 608 3174 furibundi
621 3129 709 3175 more

13 3297 46 3353 ll)
67 3300 121 3344 Poor
144 3299 273 3355 macelin
301 3305 359 3346 cette
386 3301 515 3358 corruption
550 3304 632 3359 (vopei
645 3303 807 3360 crescimbeni‚
825 3303 913 3354 latoria
928 3309 993 3357 della
1007 3315 1090 3374 volpar

25 3363 64 3404 eae
74 3373 110 3418 pas
122 3373 171 3406 rare
183 3362 281 3418 pendant
296 3363 407 3420 lemoyen
419 3366 471 3418 ego.
547 3364 638 3422 poesia,
648 3370 664 3408 l.
677 3365 721 3417 lll,
733 3379 754 3422 p.
762 3372 787 3421 93
802 3366 870 3413 Poels'
879 3369 918 3414 dal
925 3373 1006 3427 primo
1016 3379 1089 3426 accolo

27 3424 48 3478 [ll
58 3425 121 3480 Apres
134 3425 193 3468 avoir
204 3424 240 3468 ete
253 3425 377 3480 longtemps
388 3424 514 3470 chanoalier
549 3424 612 3470 dalla
626 3424 710 3482 linquo
723 3426 841 3482 italiam,
857 3435 874 3474 t.
889 3432 912 3486 l,
929 3446 949 3489 p.
966 3439 1049 3492 :ao-sq,
1063 3449 1086 3486 οι

32 3485 145 3542 lenperenr
157 3483 260 3530 frederic
274 3487 296 3529 ll
309 3491 333 3530 at
344 3485 423 3530 l’avalr
434 3485 514 3531 anule
549 3486 656 3542 llaumer,
677 3487 813 3534 Gercbs'ahta
833 3489 877 3536 der
894 3491 1086 3556 ficheclensem

61 3555 127 3592 butes
142 3557 177 3593 ses
192 3548 259 3592 luttes
273 3552 350 3592 contra
365 3547 387 3592 lo
400 3548 512 3605 papante,
549 3555 565 3592 t.
578 3548 624 3603 vl,
635 3559 656 3605 p.
673 3552 733 3605 50⁶),
747 3555 769 3595 at
783 3553 849 3608 apres
859 3555 922 3599 avoir
932 3557 993 3613 parle
1008 3561 1035 3605 da
1048 3573 1085 3610 aas

52 3610 107 3654 ades
119 3607 199 3665 qunes
212 3609 355 3663 lucacense,
372 3608 432 3654 salon
443 3607 510 3664 quel-
546 3609 628 3661 lettres,
640 3610 776 3656 'frithemios
785 3613 851 3658 disan
860 3615 915 3660 dana
924 3617 944 3662 le
952 3617 1084 3670 chronico„

53 3669 333 3723 hetonamd’arolrvonlu
342 3669 510 3727 l'empoisonnar
546 3671 732 3728 dissaeptum,
746 3686 798 3718 ann.
813 3680 883 3722 1229:
898 3677 978 3724 Fertur
990 3683 1049 3729 enlm
1060 3695 1083 3732 et

33 3733 110 3789 ‚requi
123 3743 176 3776 nous
183 3735 256 3788 parab
269 3733 318 3788 plns
328 3731 509 3786 carlsruhano,
546 3732 588 3778 alia
602 3735 712 3790 quaedam
725 3736 853 3793 scripsiss03
868 3739 924 3784 mais
935 3753 1042 3797 personna
1054 3759 1082 3793 ne

35 3794 87 3839 r’etrc
105 3794 173 3838 vendo
191 3806 221 3838 au
239 3805 296 3850 pape
310 3794 418 3838 lnnoeent
431 3793 469 3847 ll,
487 3798 510 3836 et
545 3794 627 3838 semble
635 3797 697 3840 avoir
705 3807 777 3841 connu
787 3798 915 3855 lerhytbma
923 3813 967 3858 qua
974 3817 1030 3850 nous
1038 3819 1082 3863 pn-

30 3855 66 3899 fles
75 3867 131 3911 pens
143 3855 227 3900 creles.
241 3856 314 3899 Dante
331 3855 352 3899 le
370 3854 411 3899 fail
427 3853 509 3910 ligures
544 3854 622 3899 bliens.
634 3857 727 3902 Adeone
736 3859 833 3904 mention
847 3861 896 3906 n'en
910 3869 945 3906 est
958 3863 1011 3910 faite
1024 3868 1080 3915 dans

30 3921 186 3974 usonpoama:
544 3915 639 3962 l’tdition
650 3918 677 3963 de
688 3931 723 3964 ses
734 3920 810 3964 lettres
818 3922 903 3968 donnee
911 3935 952 3980 par
962 3926 1079 3983 laelios,l

13 3959 15 3980 '
39 3982 240 4014 uenwrueaataau
249 3981 303 4014 ambo
314 3981 401 4014 rreauvr
544 3978 606 4031 Itale,
615 3988 643 4023 en
651 3985 710 4033 1740,
722 3981 766 4025 elil
778 3985 920 4037 paraltavotr
928 3987 1079 4046 eebappeaux

40 4025 377 4103 fflgggffl¹gffiggg⁶d⁰ffif⁰¹⁸¹
544 4039 688 4086 nembreuses
701 4042 833 4088 recherches
850 4045 877 4090 de
895 4047 926 4093 ld.
946 4049 1011 4095 Perta
1026 4055 1081 4102 dans

99 4117 154 4164 mu·
164 4117 274 4176 prm,
287 4118 325 4164 oh,
338 4129 395 4173 w„
407 4130 430 4163 v,
441 4122 475 4163 bs.
544 4100 671 4158 lesms.qui
681 4115 737 4174 nous
746 4110 784 4148 ont
794 4109 900 4153 conserve
911 4122 947 4156 ses
955 4123 1080 4186 euvraqaa3

44 4184 117 4227 cunali
127 4181 150 4224 da
159 4181 188 4226 lui
198 4181 306 4237 quelques
317 4181 410 4226 canaoni
422 4181 509 4224 italiana
544 4174 613 4218 V⁰l⁰²
623 4159 711 4208 mm
726 4165 769 4210 Ψ
784 4165 939 4231 ⁶⁶⁸⁶²²⁸⁰Wl
950 4171 994 4230 sor
1006 4175 1080 4224 alam
