2662 4968
692 405 836 459 ...86-

355 533 394 593 Se
408 546 575 609 passurum
589 529 776 609 praedicaris
786 531 899 592 lhesus
909 530 1025 610 probra
1035 531 1157 611 geritis,

356 635 402 699 sie
413 653 554 702 errorem
566 637 673 700 renuit
686 638 769 700 Petri
783 636 969 719 renitentis,

356 739 494 801 Thomae
505 756 569 802 vox
583 739 663 802 haee
676 741 801 802 aemula
815 739 902 804 voois
912 744 962 803 est
974 742 1157 822 sequentis:

360 847 440 910 vade
449 851 553 928 retro,
567 850 699 929 Salam,
715 847 821 914 earnis
832 851 909 912 sunt
919 863 1003 928 quae
1014 847 1123 912 sentis.

356 982 489 1059 imperat
500 982 533 1040 et
546 978 694 1059 impetrat
705 978 803 1060 patris
816 995 880 1042 vox
891 995 1019 1058 severa,

356 1080 475 1147 cedunt
486 1080 625 1161 ostiarii,
641 1080 725 1144 cedit
736 1081 827 1160 pulsa
840 1098 910 1144 sera
923 1106 931 1160 3

355 1189 477 1250 intrant
490 1205 585 1252 canes
599 1189 715 1270 Stygii,
731 1189 814 1254 duee
827 1192 875 1271 te,
891 1193 1035 1270 Megaera
1048 1215 1056 1271 ς

357 1295 524 1360 hominum
536 1295 570 1357 in
582 1294 687 1374 speeie
700 1295 872 1360 daemones
885 1312 1006 1361 revera.

353 1428 475 1494 Striotis
487 1429 609 1492 intrant
623 1427 753 1510 gladiis,
769 1428 878 1494 efflant
892 1430 978 1492 hune
992 1432 1135 1494 furorem
1149 1459 1158 1492 :

357 1534 481 1596 hostem
494 1531 584 1613 regni
598 1530 799 1612 quaerimus,
814 1531 899 1611 regis
909 1533 1124 1614 proditorem,

358 1639 511 1703 Thomam
524 1637 745 1717 temerarium,
758 1635 915 1715 perfidum
928 1640 1086 1716 pastorem
1099 1665 1107 1718 3

357 1747 489 1826 jamjam
500 1760 596 1825 quem
610 1747 659 1806 est
669 1742 802 1806 meritus
816 1741 932 1806 sentiet
946 1743 1096 1806 furorem.

361 1883 417 1947 llio
429 1899 520 1962 sum,
536 1882 580 1944 ait
593 1882 704 1962 legiler
719 1884 854 1946 satanae
866 1880 1015 1960 collegis,
1034 1922 1037 1930 -

360 2005 464 2068 neque
477 2003 577 2068 regno
591 1987 730 2067 pestifer,
746 2005 806 2050 neo
816 1987 911 2050 saluti
925 1986 1029 2067 regis,

363 2094 498 2156 Thomas
512 2109 602 2174 sum,
618 2091 767 2156 dominici
780 2091 884 2154 dictus
897 2095 1006 2171 pastor
1016 2092 1140 2172 gregis,

362 2215 420 2277 pro
435 2198 535 2260 tutela
547 2196 658 2278 perimi
672 2200 837 2276 promptus
851 2213 960 2261 sacrae
973 2196 1053 2276 legis
1063 2201 1118 2273 (l).
1144 2230 1148 2242 ι

363 2339 432 2399 Νοιι
446 2353 465 2398 a
479 2334 553 2398 dolo
567 2335 660 2398 dolus
671 2337 720 2395 est
733 2333 806 2396 talis
819 2333 959 2413 alienus,

364 2458 429 2522 quo
442 2440 476 2503 in
489 2439 649 2504 Christum
662 2437 755 2501 irruit
767 2442 879 2502 coetus
891 2437 967 2502 dolo
979 2437 1093 2518 plenus
1106 2463 1114 2516 3

282 2609 284 2612 .
367 2544 465 2606 hahet
478 2543 512 2605 id
524 2543 612 2624 quod
625 2541 754 2623 legitur,
769 2543 831 2606 hoo
844 2541 997 2622 loquendi
1010 2558 1131 2621 genus:

365 2665 426 2728 ego
440 2665 511 2711 sum
524 2663 620 2727 quem
631 2646 801 2730 quaeritis,
816 2648 929 2710 lhesus
940 2651 1132 2713 Nazareuus.

366 2791 400 2849 ln
413 2785 541 2848 meandi
555 2784 636 2848 serie
648 2787 778 2849 ihesum
792 2785 950 2867 imitatos,

366 2907 436 2952 sese
448 2891 553 2969 palam
565 2889 681 2952 obtulit
693 2893 806 2971 sponte
818 2892 1019 2972 propalatus,

366 2989 419 3052 hie
433 2993 482 3052 est
494 2989 637 3054 Christus
650 2990 780 3072 obvius,
795 2990 847 3054 hio
857 2990 958 3054 Judae
968 2993 1092 3071 reatus,

253 3177 257 3186 ι
365 3092 417 3156 hie
429 3113 448 3156 a
461 3095 698 3174 magistratibus
709 3095 826 3160 missus
837 3113 917 3178 grex
932 3097 1085 3158 armatus.

302 3253 306 3263 *
367 3231 494 3294 lnhiant
507 3235 540 3295 et
553 3233 665 3298 ineunt
682 3234 785 3298 seelus
799 3231 963 3313 scelerati3

363 3337 508 3401 membru
521 3337 618 3418 eaput
628 3341 787 3420 lacerum,
804 3341 929 3418 patrem
941 3338 1059 3399 necant
1069 3333 1155 3414 nali,

369 3441 547 3505 homicidae
560 3443 703 3524 plurimi,
720 3462 785 3507 uuo
796 3445 865 3508 viso
876 3443 956 3525 pati,

370 3545 537 3626 monaehi,
553 3546 716 3627 canonici,
730 3549 908 3629 praesules,
923 3549 1030 3628 legati.

370 3683 432 3745 hes
444 3681 602 3761 stupenda
613 3681 764 3764 posteris,
780 3685 894 3746 horror
904 3685 965 3746 heo
979 3681 1107 3746 aetate!

349 3791 353 3802 '
371 3801 439 3849 uon
452 3790 602 3850 areentur
616 3785 712 3866 gladii
723 3789 784 3852 loci
799 3789 985 3869 sanctitate3

164 3989 166 4000 ’
249 4005 316 4111 (Qui
329 4007 349 4052 lo
360 4009 425 4064 podio
439 4007 483 4052 suit
494 4011 636 4052 praetemunt
647 4005 764 4061 l'histoire3
779 4021 847 4065 vopez
862 4009 882 4054 le
899 4007 950 4054 Vita
963 4005 1160 4064 quadripartita,
1175 4006 1189 4051 l.
1208 4018 1243 4062 ιιι,
1260 4020 1271 4050 r
1291 4039 1294 4048 .

222 4077 245 4120 p.
271 4073 283 4091 *
302 4101 306 4109 .
