2672 4968
462 457 624 514 —all-

19 605 54 649 los
65 588 95 649 in
109 589 194 650 malo
207 603 281 648 nam
295 585 397 648 bladis
411 589 455 661 (1)
468 585 628 646 nutriebat
639 583 781 661 homine,

18 693 52 755 ita
65 696 171 774 pulcro
186 697 257 758 loco
271 692 368 756 maris
379 691 489 756 civitas
503 693 582 754 baec
596 690 706 771 impia,

19 817 72 880 pae
84 801 225 882 captivos
239 798 479 876 constringebat
491 798 561 877 plus
575 799 709 860 centena
722 794 853 872 mil(1)ia.

19 933 50 998 lio
62 935 201 998 Timinus
214 933 430 1015 praesidebat,
445 937 621 1000 saracenus
634 931 765 1011 impius,

19 1040 169 1119 imilatu(s)
181 1040 398 1121 antechristo,
414 1040 510 1104 draco
524 1037 776 1117 crudelissimum

19 1150 112 1212 labens
123 1153 268 1230 portum,
280 1151 373 1230 juxta
387 1147 518 1228 urbem,
530 1147 650 1208 factum
663 1143 813 1224 artificio,

19 1251 206 1333 ircumseptis
215 1254 247 1331 (l.
263 1252 521 1330 circumseptum)
531 1247 630 1311 muris
641 1247 765 1325 magnis
779 1249 812 1308 et
823 1248 951 1326 plenum
964 1253 1101 1332 navigio.

19 1373 47 1434 lic
59 1377 189 1437 tenebat
202 1375 283 1437 duas
296 1375 391 1436 urbes
405 1372 518 1452 opibus
531 1371 702 1433 ditissimas

19 1481 27 1540 t
38 1484 264 1546 Saracenorum
277 1482 394 1544 multas
406 1483 517 1559 gentes
528 1479 778 1562 robustissimas3

19 1589 104 1651 tultus
117 1593 152 1652 et
163 1589 318 1669 superbus
329 1587 438 1667 nimis,
454 1588 555 1648 elatus
569 1586 601 1648 in
617 1586 749 1666 gloriam
762 1588 795 1664 (l.
815 1589 945 1668 gloria),

19 1711 53 1756 ua
65 1695 105 1758 de
118 1713 217 1759 causa
231 1694 417 1758 pisanorum
431 1695 468 1756 sit
479 1695 565 1757 clara
577 1693 717 1756 victoria.

19 1816 48 1880 lic
60 1837 134 1883 cum
148 1822 216 1883 suis
229 1819 394 1884 Saracenis
406 1821 592 1883 devastabat
605 1819 756 1900 Galliam,

19 1926 171 2004 rptivabat
184 1943 296 1990 omnes
310 1928 421 2006 gentes
431 1943 514 2006 quae
529 1929 640 1988 tenent
651 1925 873 2005 (Hispaniam,
971 1985 974 1992 .

19 2030 66 2094 lin
80 2037 149 2097 tota
164 2034 233 2114 ripa
246 2033 343 2096 maris
356 2034 505 2095 turbabat
519 2033 657 2112 ltaliam3

19 2139 204 2204 raedabatur
215 2140 403 2204 Romaniam
416 2156 518 2220 usque
531 2139 764 2202 Alexandriam.

19 2287 54 2334 on
67 2277 120 2336 est
130 2275 223 2336 locus
236 2276 305 2336 toto
318 2273 439 2336 mundo
453 2289 557 2352 neque
570 2272 666 2334 maris
680 2271 799 2350 insula,

19 2395 85 2442 uam
98 2380 214 2444 Timini
228 2399 295 2444 non
307 2381 450 2442 turbaret
462 2378 647 2454 (blorrenda
659 2379 810 2460 pertidia3

19 2483 146 2558 [hlodus
160 2485 232 2559 (etl)
242 2482 347 2562 Cipius
361 2484 392 2560 (l.
408 2482 559 2563 Cyprusll
571 2484 644 2560 (etl)
660 2484 769 2563 Creta,
785 2482 877 2545 simul
893 2486 925 2543 et
945 2483 1086 2544 Sardinia

19 2586 179 2665 trabatur,
192 2587 310 2648 etcum
323 2583 384 2646 illis
395 2583 509 2646 nobilis
523 2583 635 2648 Sicilia.

19 2715 65 2781 ino
80 2717 202 2799 captivi
216 2718 448 2799 redemptorem
462 2719 642 2782 clamabant
656 2721 805 2785 altissime

28 2843 87 2905 per
101 2828 217 2890 orbem
230 2826 414 2890 universum
428 2825 547 2891 ssebant
560 2827 755 2892 amarissime
767 2856 774 2911 3

19 2932 234 3009 elam(ab)ant
245 2931 286 2994 ad
294 2930 424 2994 Pisanos
432 2935 562 3014 planctu
575 2934 753 2998 miserabile
766 2937 799 3011 (l.
811 2938 1008 3018 miserabilil3

19 3040 219 3120 incitabaln)t
231 3043 412 3103 Genuenses
426 3040 504 3104 lletu
519 3041 723 3121 lacrymabili.

19 3189 47 3236 >c
60 3175 233 3255 permotus
246 3177 453 3237 terraemotu
466 3173 519 3236 hic
531 3181 663 3254 uterque
676 3176 824 3255 populus,

19 3283 174 3360 iecerunt
186 3297 300 3343 manus
313 3297 388 3343 suas
401 3281 441 3343 ad
456 3281 517 3342 boc
530 3297 611 3359 opus
621 3281 783 3362 protinuS,

27 3388 232 3466 component
244 3386 277 3459 (l.
293 3386 501 3464 componunt)
514 3383 600 3447 mille
610 3403 708 3448 naves
722 3385 797 3450 solis
812 3386 912 3449 trihus
925 3389 1104 3472 mensibus„

19 3576 32 3632 l)
46 3577 117 3620 Nous
123 3575 232 3629 ignorans
241 3575 261 3618 la
270 3573 364 3630 position
370 3573 398 3617 de
405 3578 464 3618 cette
471 3572 530 3626 ville,
567 3573 621 3618 c’est
634 3573 690 3618 ainsi
704 3585 748 3630 que
761 3573 805 3618 l’on
816 3572 912 3631 appelait
924 3573 1109 3619 indideremmcnt

19 3637 65 3682 *les
83 3641 170 3682 autres
182 3635 314 3680 documents
331 3635 440 3692 appellent
452 3633 533 3680 Almu-
567 3637 588 3680 la
609 3635 712 3680 maauaie
730 3635 772 3680 des
791 3635 907 3680 Sarrasins
930 3634 1066 3680 Saracenas
1088 3644 1110 3682 et

19 3727 29 3750 =‚
46 3695 198 3752 Dalmatio,
214 3696 338 3751 Ramista,
357 3702 379 3741 et
402 3697 490 3753 placent
504 3708 532 3741 en
568 3695 707 3753 Africanus.
722 3697 838 3742 Peut-etre
851 3704 901 3740 tous
915 3709 953 3741 ces
966 3709 1030 3742 noms
1044 3707 1108 3744 sont-

19 3759 81 3816 ique.
103 3760 128 3806 Si
149 3765 210 3804 cette
227 3759 348 3803 indication
368 3760 423 3803 e'tait
442 3766 532 3812 exacte,
569 3758 595 3802 ils
603 3758 642 3803 des
652 3759 791 3814 corruptions
800 3759 827 3802 de
837 3758 920 3802 l’arabe
929 3758 1031 3814 Mediae,
1042 3762 1109 3815 Ville3

19 3823 58 3866 tia
74 3821 161 3867 aurait
180 3821 210 3864 dd
224 3833 248 3866 se
262 3827 353 3865 trouver
370 3833 409 3864 sur
428 3820 459 3865 les
473 3823 535 3866 cotes
570 3831 627 3865 nous
645 3832 700 3865 nous
717 3819 840 3865 bornerons
857 3820 914 3864 donc
926 3821 939 3864 a
952 3822 1053 3877 rappeler
1065 3835 1110 3879 que

20 3897 34 3928 a
46 3882 183 3937 Barbarie,
197 3883 248 3938 pres
260 3882 289 3926 du
305 3894 362 3940 pays
373 3881 400 3927 de
413 3883 517 3928 Madauri
527 3892 533 3933 3
571 3882 687 3938 Pliue,lir.
698 3894 729 3936 ιν,
740 3881 776 3925 cb.
788 3886 821 3936 la,
831 3881 892 3938 parle
899 3881 965 3926 d'une
972 3882 1023 3929 ville
1031 3885 1058 3930 de
1067 3885 1111 3932 l'lle

19 3957 31 3990 s
52 3947 68 3990 il
83 3950 124 3990 est
138 3944 184 3988 lort
199 3943 294 4000 possible
310 3943 434 4000 qu’Asriea
449 3943 534 4000 signilie
570 3944 678 3998 decreta,
687 3943 906 4006 nommdebiots'um,
917 3945 1111 4000 etquelavillede

19 4007 158 4052 seulement
168 4004 187 4050 le
197 4005 257 4062 Paps
266 4004 306 4050 des
315 4005 436 4058 Sarrasins,
447 4017 534 4050 comme
570 4005 674 4051 Colchide
682 4003 716 4060 ‚a
727 4005 820 4062 laquelle
832 4005 925 4050 ildonne
934 4006 954 4050 le
970 4010 1041 4052 meme
1053 4021 1113 4064 nom,

19 4081 29 4112 s
45 4081 76 4113 ce
88 4079 147 4112 vers
157 4067 184 4110 de
195 4074 259 4112 notre
272 4073 351 4124 poemc
362 4080 368 4110 ι
570 4067 607 4110 liv.
617 4078 648 4121 ur,
659 4069 695 4111 ch.
705 4073 725 4120 l,
736 4065 819 4112 semble
827 4071 874 4112 etro
886 4067 990 4124 cellaque
1001 4071 1113 4116 Ptolemee

24 4142 127 4176 conduxit
136 4143 206 4178 suenus
215 4142 299 4175 Christus
309 4149 364 4182 quem
373 4141 453 4181 negabat
460 4141 534 4180 Atriam
570 4129 655 4186 appelle
663 4128 752 4173 Madia.
998 4185 1032 4241 16
