2652 4968
451 419 614 474 -lor-

49 544 105 622 ira,
124 546 217 606 fraus
230 546 326 624 atque
338 541 471 622 cupido,
487 542 606 604 mixtae
620 542 803 623 supercilio,

10 703 11 708 ,
48 665 134 709 meae
147 647 245 710 simul
257 647 442 710 habitarunt
453 645 568 708 mentis
583 644 615 706 in
630 645 779 725 hospitio.

48 782 170 844 Collum
184 780 242 842 sibi
257 778 440 876 subiugavit
452 777 581 840 effrenis
594 777 756 858 superbia„

48 889 148 948 totam
161 889 304 948 mentem
316 884 479 947 enervavit
492 882 646 946 discincta
657 883 801 964 luxuria,

49 994 142 1069 atque
157 1006 275 1070 corpus
288 988 451 1052 enervavit
467 987 571 1051 carnis
585 987 769 1068 petulentia.

50 1123 130 1193 Quot
144 1137 263 1182 arenae
278 1118 375 1182 maris
389 1136 519 1199 gravae,
534 1120 582 1188 tol
595 1120 671 1180 sunt
682 1135 753 1180 mea
765 1116 915 1197 crimina3

50 1242 186 1303 quorum
199 1226 284 1287 mole
295 1226 542 1305 praegravatuS‚
557 1223 725 1302 pertrahor
739 1222 780 1285 ad
792 1222 918 1302 infima,

51 1330 80 1391 nl
93 1331 230 1393 reducat
242 1331 283 1392 ad
297 1347 385 1410 spem
399 1329 483 1392 vitae
497 1347 548 1392 me
562 1331 617 1391 tua
632 1327 809 1390 clementia.

51 1467 148 1544 Ergo,
164 1464 251 1524 salus
263 1466 296 1522 et
307 1463 469 1540 protector
481 1464 695 1541 moestorum,
711 1459 853 1523 Piissime

51 1567 100 1646 qui
115 1566 231 1629 dedisti
242 1584 372 1628 manum
385 1567 478 1628 Petro
489 1565 585 1628 maris
599 1565 631 1627 in
646 1565 847 1644 discrimine,

52 1689 68 1731 a
80 1671 222 1750 peccatis
235 1670 313 1732 meis
326 1670 377 1750 pie
388 1688 439 1732 me
453 1669 573 1732 munda
587 1673 620 1731 et
632 1666 781 1748 protege!

53 1803 93 1860 lu
105 1817 138 1861 es
152 1803 253 1879 Deus,
268 1815 329 1879 ego
343 1797 478 1880 vermiS,
494 1798 582 1878 quid,
598 1797 624 1860 si
638 1801 672 1859 tu
685 1797 851 1868 irasceris?

54 1903 90 1965 ad
104 1903 245 1965 tribunal
259 1906 481 1983 praesentatus
494 1919 568 1965 reus
582 1902 662 1963 tanti
674 1900 810 1982 judioiS,

54 2007 127 2069 nihil
140 2026 217 2088 ero,
232 2007 311 2070 nibil
323 2025 469 2087 prorsus,
485 2005 544 2069 nisi
559 2010 594 2069 tu
608 2025 660 2069 me
670 2007 802 2086 juveris.

9 2171 11 2244 l
51 2139 125 2211 Quid
137 2143 203 2215 est,
220 2140 282 2201 boc
295 2139 383 2219 quod
395 2142 447 2217 tu,
462 2137 621 2216 Benigne,
637 2137 714 2198 dum
724 2137 912 2216 figmentum
924 2136 1065 2216 noveris,

52 2259 89 2304 ex
105 2243 229 2306 delictis
243 2247 440 2306 arescentem
451 2242 599 2321 stipulam
611 2240 830 2320 persequeris?

53 2347 76 2407 si
89 2348 130 2410 ad
141 2367 223 2428 opus
231 2348 406 2430 judicabiS,
423 2347 599 2410 damnabor
612 2363 686 2408 oum
698 2345 811 2425 impiis.

55 2475 135 2538 llosti
150 2475 225 2557 quia
238 2475 272 2538 in
286 2476 446 2538 infernum
457 2474 544 2536 nulla
556 2475 605 2535 est
615 2471 791 2550 redemptio
803 2496 811 2549 ς

55 2579 131 2643 beu!
147 2598 244 2660 quam
257 2580 353 2662 dura,
368 2599 464 2660 quam
478 2597 587 2642 severa
601 2577 665 2642 illic
678 2575 851 2655 habitatio,

53 2684 103 2746 ubi
116 2687 237 2766 luctus,
253 2686 307 2748 ubi
323 2686 413 2749 dolor
427 2689 476 2748 est
489 2687 608 2765 absque
621 2681 783 2746 remedio!

54 2817 125 2877 Nolo
136 2821 273 2881 mortem
285 2817 461 2897 peccatoris
474 2843 482 2898 3
498 2820 533 2879 tu
546 2815 673 2896 dixisti,
689 2813 839 2892 bomine3

54 2923 105 2984 sed
117 2925 156 2984 ut
167 2923 269 3002 magis
281 2925 486 2986 eonvertatur
499 2922 525 2983 si
538 2922 670 3000 exoptat
683 2919 806 2999 vivere,

55 3025 135 3088 dicat
148 3028 292 3107 culpam,
307 3028 410 3106 ploret
423 3026 526 3089 scelus
537 3025 545 3087 Ξ
558 3029 685 3105 praesto
697 3041 768 3085 sum
781 3022 950 3085 dimittere.

55 3158 132 3218 Velle
146 3160 239 3219 tuum
254 3175 325 3220 mea
339 3159 425 3219 salus
443 3159 535 3218 estet
549 3155 709 3218 miseratio
725 3183 732 3215 :

56 3263 121 3324 volo
134 3261 240 3344 dicas3
255 3262 335 3324 liber
346 3279 400 3324 ero
415 3264 448 3324 et
459 3260 640 3323 mundabor
654 3259 738 3321 illico
752 3285 760 3319 ε

56 3367 128 3430 baec
142 3385 214 3447 spes
226 3369 294 3431 sola
307 3366 384 3429 mihi
399 3369 499 3430 restat
511 3366 629 3445 absque
643 3364 709 3425 ullo
725 3361 832 3423 dubio.

8 3535 9 3570 3
57 3502 147 3578 Ergo,
163 3499 257 3560 Pater
270 3496 324 3590 qui
338 3497 468 3560 foetenti
487 3493 661 3558 subvenisti
676 3499 793 3554 Lazaro

8 3615 9 3660 l
57 3609 84 3665 et
93 3602 211 3666 latroni
224 3601 390 3681 pepercisti
405 3601 508 3664 crucis
521 3601 554 3662 in
569 3600 711 3680 patibulo
724 3647 731 3678 ‚

57 3705 272 3771 condescende
283 3705 472 3786 supplicanti
486 3705 564 3768 mibi
578 3721 667 3767 more
679 3702 753 3766 solit
776 3747 784 3761 .

57 3837 223 3900 criminum
235 3854 380 3899 meorum
394 3854 497 3900 nexus
511 3840 545 3897 tu
560 3838 707 3914 potenter
718 3830 851 3910 dissipa,

58 3943 204 4006 virtutum
216 3960 268 4004 me
282 3941 425 4005 claritate
440 3941 572 4004 feliciter
584 3941 712 4018 decora,

8 4065 10 4118 i
58 4051 88 4107 ut
101 4047 133 4109 in
146 4049 236 4110 coelo
250 4050 282 4107 te
296 4046 426 4108 laudare
439 4044 555 4122 dignus
569 4042 627 4104 sim
641 4059 697 4122 per
711 4039 836 4100 saecula
850 4034 859 4095 ἶ
