2676 4968
135 570 325 635 eredendum
337 571 444 652 potius
452 572 539 653 quod
548 572 607 636 sibi
615 574 688 653 jure
700 572 823 650 petunt.

100 679 178 738 Tune
191 675 321 756 quidam
331 680 466 758 juvenes
477 676 598 758 ingenti
612 677 727 757 eorde,
740 674 865 739 insertis

105 767 108 772 ’
135 781 266 844 sortibus
279 781 425 846 instructi
439 783 558 864 spinula
573 781 726 862 dirigere,

98 887 204 950 Muniri
218 888 353 970 clypeis,
367 889 463 952 etiam
476 888 629 969 rugiendo
642 887 767 967 sagittis

135 996 241 1058 hostes
252 997 441 1060 Parthorum
453 1013 542 1060 more
556 995 649 1060 ferire
662 1012 756 1075 suos,

99 1102 144 1166 sie
156 1100 245 1164 aiunt
256 1103 410 1166 Muchumi
423 1131 431 1165 ι
445 1127 460 1163 «
475 1102 505 1168 si
517 1103 563 1167 sic
575 1103 762 1168 dimittimus
775 1103 837 1166 ista

134 1225 215 1289 quae
226 1211 375 1289 repetunt
387 1210 512 1291 Persae,
526 1210 762 1274 mllemeuneta
772 1209 879 1273 valent
895 1235 903 1270 a

98 1319 187 1396 Nam,
201 1317 288 1380 velut
300 1314 442 1380 infirmos
453 1333 514 1380 nos
527 1319 560 1379 ei
570 1315 702 1396 pavidos
715 1317 917 1395 reputantes,

135 1419 442 1484 amodieistendent
454 1422 496 1485 ad
507 1422 632 1503 potiora
643 1438 792 1502 manum3

97 1529 268 1608 Nostraque
278 1528 406 1590 libertas
418 1527 539 1609 periet3
554 1528 599 1592 sie
613 1532 722 1592 nostra
735 1528 911 1592 manebunt

134 1631 217 1711 regis
230 1637 396 1696 Persarum
410 1633 536 1696 subdita
550 1635 631 1698 colla
642 1636 743 1716 jug03
782 1669 787 1678 ·

95 1738 154 1802 Sed
168 1742 251 1802 Deus
264 1743 387 1804 avertat
398 1744 436 1803 ut
447 1740 510 1807 vivi
523 1740 569 1804 sie
582 1757 766 1822 pereamus,

134 1847 165 1906 et
176 1848 306 1908 nostrae
318 1846 423 1927 gentis
434 1850 477 1924 (1)
490 1846 577 1912 vivat
588 1847 630 1911 ad
642 1845 863 1928 opprobrium!

95 1953 170 2014 Nam
183 1968 242 2014 eur
253 1955 417 2033 portamus
430 1954 610 2036 pharetras,
626 1971 684 2017 eur
703 1954 765 2017 tela
778 1955 943 2032 tenemur,

134 2075 191 2120 cur
202 2059 341 2138 tegimur
354 2060 491 2143 clypeis,
506 2062 625 2142 spinula
640 2078 698 2124 eur
713 2060 872 2141 gerimus,

96 2163 125 2228 Si
139 2163 184 2228 sic
194 2182 329 2247 uxores,
344 2166 371 2229 si
385 2166 511 2230 sicsine
524 2168 807 2248 sanguinearum,

135 2271 161 2332 si
174 2271 220 2334 sin
232 2271 361 2336 servitio
372 2271 506 2352 pignora
519 2273 637 2353 earam)
649 2273 783 2335 damus?

95 2381 154 2439 Per
167 2376 289 2457 gladios
302 2378 452 2458 veniant,
466 2377 509 2441 sit
522 2377 567 2440 eis
581 2377 715 2440 transire
726 2393 784 2457 per
796 2377 922 2455 hastns3

134 2500 221 2546 mors
236 2485 362 2563 gentem
375 2487 517 2547 nostram
530 2484 657 2548 vincere
672 2485 740 2548 sola
753 2485 859 2564 potest
870 2511 879 2546 ε

96 2589 127 2654 Si
141 2589 224 2654 vinci
235 2593 343 2653 tamen
356 2594 405 2654 est
416 2590 471 2653 ubi
484 2607 550 2655 non
562 2589 686 2654 animus
698 2592 884 2671 superatur⁷

136 2695 279 2758 sedeam
292 2697 470 2780 solajaeet,
483 2697 560 2761 dum
574 2700 671 2778 eaput
683 2713 759 2760 ense
773 2695 860 2759 cadit
871 2697 923 2776 (3).
942 2717 957 2753 »

96 2803 212 2865 Omnes
226 2803 410 2866 collaudant
418 2803 555 2885 dietum,
569 2805 828 2885 Machomemque
837 2807 1012 2885 precantur

137 2909 297 2972 utcontra
311 2913 422 2972 Persas
436 2908 503 2972 dux
515 2909 557 2972 sit
570 2913 603 2971 et
613 2913 727 2974 euenor
735 2910 792 2972 eis.

96 3014 235 3096 opponit
245 3015 424 3079 Maehumes
436 3015 550 3078 aetatis
562 3017 706 3094 tempora
718 3016 833 3095 lunga,

137 3119 221 3186 vires
231 3123 435 3201 consumptas
447 3137 580 3202 corpore
589 3123 657 3201 jam
670 3120 798 3200 vetulo,

96 3230 136 3291 Se
149 3228 232 3290 bello
244 3226 406 3292 modicum
419 3229 468 3292 vel
483 3229 605 3290 nullum
619 3228 702 3290 ferre
709 3228 879 3307 juvamen,

137 3332 216 3413 quin
228 3332 331 3412 magis
343 3335 380 3396 ut
392 3333 498 3397 senior
509 3332 748 3414 ipsejuvandus
760 3332 831 3395 erit.
852 3355 856 3368 ¹

94 3443 263 3504 Praeterea
278 3440 358 3504 coeli
369 3440 495 3504 dicebat
506 3442 616 3504 abesse
630 3442 786 3521 favorem,

137 3565 202 3626 quo
214 3545 284 3610 sine
293 3546 339 3609 nil
350 3545 448 3628 vires,
461 3545 506 3608 nil
519 3547 603 3612 valet
614 3563 667 3609 ars
680 3545 857 3609 hominum.

92 3657 159 3714 Has
171 3654 299 3733 propter
311 3669 424 3715 causas
435 3651 512 3715 dicit
524 3669 559 3715 se
571 3653 654 3714 bella
667 3667 796 3732 cavere,

136 3776 178 3823 ne
188 3761 302 3842 quihus
315 3777 384 3824 esse
397 3759 473 3826 velit
485 3759 583 3841 utilis,
599 3759 651 3822 hie
664 3761 789 3822 noceat.

11 3977 46 4034 (1)
63 3974 143 4020 Genii
157 3974 213 4019 dans
224 3975 257 4029 A?
271 3986 298 4019 ea
306 3985 358 4021 vers
373 3979 409 4020 ast
421 3974 477 4018 ainsi
486 3985 540 4018 eor·
603 3972 631 4028 (a)
644 3970 729 4018 Nostra
739 3970 795 4015 dans
806 3971 834 4014 B.

8 4050 73 4097 impu
83 4037 145 4082 dans
154 4037 186 4082 ies
196 4036 256 4081 deux
268 4047 327 4092 ms,
340 4038 457 4094 peut-stre
467 4034 540 4081 iant-ii
602 4035 633 4091 (3)
647 4034 709 4078 Dum
719 4033 785 4078 radii
795 4043 848 4077 ense
861 4033 932 4088 caput
945 4030 1001 4077 dans
1011 4030 1049 4077 A:

8 4113 29 4148 re
45 4102 96 4147 aut
111 4110 198 4145 nomen
211 4097 296 4156 nentia.
