<?xml version="1.0" encoding="UTF-8"?>
<!DOCTYPE html PUBLIC "-//W3C//DTD XHTML 1.0 Transitional//EN"
    "http://www.w3.org/TR/xhtml1/DTD/xhtml1-transitional.dtd">
<html xmlns="http://www.w3.org/1999/xhtml" xml:lang="en" lang="en">
 <head>
  <title>
</title>
<meta http-equiv="Content-Type" content="text/html;charset=utf-8" />
  <meta name='ocr-system' content='tesseract 3.04.00' />
  <meta name='ocr-capabilities' content='ocr_page ocr_carea ocr_par ocr_line ocrx_word'/>
</head>
<body>
  <div class='ocr_page' id='page_1' title='image "./posiespopulaire03mrgoog/posiespopulaire03mrgoog_0310.png"; bbox 0 0 2684 4970; ppageno 0'>
   <div class='ocr_carea' id='block_1_1' title="bbox 684 429 850 490">
    <p class='ocr_par' dir='ltr' id='par_1_1' title="bbox 684 429 850 490">
     <span class='ocr_line' id='line_1_1' title="bbox 684 429 850 490; baseline -0.018 1"><span class='ocrx_word' id='word_1_1' title='bbox 684 429 850 490; x_wconf 80' lang='lat' dir='ltr'><strong>—31t—</strong></span> 
     </span>
    </p>
   </div>
   <div class='ocr_carea' id='block_1_2' title="bbox 352 564 1033 960">
    <p class='ocr_par' dir='ltr' id='par_1_2' title="bbox 352 564 997 644">
     <span class='ocr_line' id='line_1_2' title="bbox 352 564 997 644; baseline -0.006 -16"><span class='ocrx_word' id='word_1_2' title='bbox 352 567 621 644; x_wconf 78' lang='lat' dir='ltr'><strong>Caesaraugustae</strong></span> <span class='ocrx_word' id='word_1_3' title='bbox 635 564 824 628; x_wconf 80' lang='lat' dir='ltr'>obsidebant</span> <span class='ocrx_word' id='word_1_4' title='bbox 836 566 997 642; x_wconf 81' lang='lat' dir='ltr'>castrum,</span> 
     </span>
    </p>

    <p class='ocr_par' dir='ltr' id='par_1_3' title="bbox 352 669 1033 750">
     <span class='ocr_line' id='line_1_3' title="bbox 352 669 1033 750; baseline -0.001 -18"><span class='ocrx_word' id='word_1_5' title='bbox 352 669 440 750; x_wconf 85' lang='lat' dir='ltr'><strong>quod</strong></span> <span class='ocrx_word' id='word_1_6' title='bbox 453 669 559 734; x_wconf 87' lang='lat' dir='ltr'><strong>adhuc</strong></span> <span class='ocrx_word' id='word_1_7' title='bbox 571 669 670 734; x_wconf 82' lang='lat' dir='ltr'>Mauri</span> <span class='ocrx_word' id='word_1_8' title='bbox 684 672 801 736; x_wconf 86' lang='lat' dir='ltr'><strong>vocant</strong></span> <span class='ocrx_word' id='word_1_9' title='bbox 813 670 1033 746; x_wconf 75' lang='lat' dir='ltr'><strong>Almanarum3</strong></span> 
     </span>
    </p>

    <p class='ocr_par' dir='ltr' id='par_1_4' title="bbox 353 774 943 960">
     <span class='ocr_line' id='line_1_4' title="bbox 353 774 943 856; baseline -0.002 -17"><span class='ocrx_word' id='word_1_10' title='bbox 353 791 434 856; x_wconf 90' lang='lat' dir='ltr'><strong>quos</strong></span> <span class='ocrx_word' id='word_1_11' title='bbox 445 778 538 856; x_wconf 84' lang='lat' dir='ltr'><strong>rogat</strong></span> <span class='ocrx_word' id='word_1_12' title='bbox 550 774 652 840; x_wconf 87' lang='lat' dir='ltr'><strong>victor</strong></span> <span class='ocrx_word' id='word_1_13' title='bbox 665 775 723 838; x_wconf 89' lang='lat' dir='ltr'><strong>sibi</strong></span> <span class='ocrx_word' id='word_1_14' title='bbox 737 774 806 840; x_wconf 86' lang='lat' dir='ltr'><strong>dari</strong></span> <span class='ocrx_word' id='word_1_15' title='bbox 818 776 943 856; x_wconf 83' lang='lat' dir='ltr'><strong>locum,</strong></span> 
     </span>
     <span class='ocr_line' id='line_1_5' title="bbox 472 879 764 960; baseline -0.01 -16"><span class='ocrx_word' id='word_1_16' title='bbox 472 879 620 960; x_wconf 67' lang='lat' dir='ltr'><strong>mititiam</strong></span> <span class='ocrx_word' id='word_1_17' title='bbox 633 879 764 946; x_wconf 87' lang='lat' dir='ltr'><strong>victum.</strong></span> 
     </span>
    </p>
   </div>
   <div class='ocr_carea' id='block_1_3' title="bbox 353 1004 971 1393">
    <p class='ocr_par' dir='ltr' id='par_1_5' title="bbox 354 1004 971 1088">
     <span class='ocr_line' id='line_1_6' title="bbox 354 1004 971 1088; baseline -0.006 -16"><span class='ocrx_word' id='word_1_18' title='bbox 354 1011 495 1088; x_wconf 83' lang='lat' dir='ltr'><strong>Cumque</strong></span> <span class='ocrx_word' id='word_1_19' title='bbox 506 1009 648 1088; x_wconf 79' lang='lat' dir='ltr'><strong>precanti</strong></span> <span class='ocrx_word' id='word_1_20' title='bbox 660 1007 773 1072; x_wconf 81' lang='lat' dir='ltr'><strong>cedere</strong></span> <span class='ocrx_word' id='word_1_21' title='bbox 787 1004 971 1088; x_wconf 81' lang='lat' dir='ltr'><strong>nequirent,</strong></span> 
     </span>
    </p>

    <p class='ocr_par' dir='ltr' id='par_1_6' title="bbox 354 1112 956 1194">
     <span class='ocr_line' id='line_1_7' title="bbox 354 1112 956 1194; baseline -0.005 -16"><span class='ocrx_word' id='word_1_22' title='bbox 354 1132 414 1178; x_wconf 88' lang='lat' dir='ltr'><strong>nec</strong></span> <span class='ocrx_word' id='word_1_23' title='bbox 427 1112 613 1178; x_wconf 85' lang='lat' dir='ltr'><strong>transeundi</strong></span> <span class='ocrx_word' id='word_1_24' title='bbox 628 1114 812 1178; x_wconf 76' lang='lat' dir='ltr'><strong>facultatem</strong></span> <span class='ocrx_word' id='word_1_25' title='bbox 825 1112 956 1194; x_wconf 86' lang='lat' dir='ltr'><strong>darent,</strong></span> 
     </span>
    </p>

    <p class='ocr_par' dir='ltr' id='par_1_7' title="bbox 353 1218 920 1393">
     <span class='ocr_line' id='line_1_8' title="bbox 353 1218 920 1300; baseline -0.004 -16"><span class='ocrx_word' id='word_1_26' title='bbox 353 1218 459 1284; x_wconf 87' lang='lat' dir='ltr'><strong>subito</strong></span> <span class='ocrx_word' id='word_1_27' title='bbox 471 1221 604 1284; x_wconf 89' lang='lat' dir='ltr'><strong>mandat</strong></span> <span class='ocrx_word' id='word_1_28' title='bbox 616 1223 653 1284; x_wconf 93' lang='lat' dir='ltr'><strong>ut</strong></span> <span class='ocrx_word' id='word_1_29' title='bbox 667 1220 716 1284; x_wconf 91' lang='lat' dir='ltr'><strong>sui</strong></span> <span class='ocrx_word' id='word_1_30' title='bbox 730 1237 765 1284; x_wconf 86' lang='lat' dir='ltr'><strong>se</strong></span> <span class='ocrx_word' id='word_1_31' title='bbox 778 1222 920 1300; x_wconf 84' lang='lat' dir='ltr'><strong>armant,</strong></span> 
     </span>
     <span class='ocr_line' id='line_1_9' title="bbox 474 1327 746 1393; baseline -0.011 -1"><span class='ocrx_word' id='word_1_32' title='bbox 474 1328 538 1393; x_wconf 88' lang='lat' dir='ltr'><strong>cito</strong></span> <span class='ocrx_word' id='word_1_33' title='bbox 552 1345 593 1391; x_wconf 88' lang='lat' dir='ltr'><strong>ne</strong></span> <span class='ocrx_word' id='word_1_34' title='bbox 608 1327 746 1391; x_wconf 86' lang='lat' dir='ltr'><strong>tardent.</strong></span> 
     </span>
    </p>
   </div>
   <div class='ocr_carea' id='block_1_4' title="bbox 355 1443 981 1846">
    <p class='ocr_par' dir='ltr' id='par_1_8' title="bbox 355 1443 876 1526">
     <span class='ocr_line' id='line_1_10' title="bbox 355 1443 876 1526; baseline 0 -18"><span class='ocrx_word' id='word_1_35' title='bbox 355 1444 478 1508; x_wconf 85' lang='lat' dir='ltr'><strong>Primus</strong></span> <span class='ocrx_word' id='word_1_36' title='bbox 491 1448 523 1508; x_wconf 89' lang='lat' dir='ltr'><strong>et</strong></span> <span class='ocrx_word' id='word_1_37' title='bbox 536 1444 602 1526; x_wconf 86' lang='lat' dir='ltr'><strong>ipsc</strong></span> <span class='ocrx_word' id='word_1_38' title='bbox 615 1444 746 1508; x_wconf 90' lang='lat' dir='ltr'><strong>indutus</strong></span> <span class='ocrx_word' id='word_1_39' title='bbox 760 1443 876 1526; x_wconf 81' lang='lat' dir='ltr'><strong>lorica,</strong></span> 
     </span>
    </p>

    <p class='ocr_par' dir='ltr' id='par_1_9' title="bbox 356 1549 879 1631">
     <span class='ocr_line' id='line_1_11' title="bbox 356 1549 879 1631; baseline -0.004 -17"><span class='ocrx_word' id='word_1_40' title='bbox 356 1568 417 1614; x_wconf 86' lang='lat' dir='ltr'><strong>nec</strong></span> <span class='ocrx_word' id='word_1_41' title='bbox 428 1551 592 1615; x_wconf 79' lang='lat' dir='ltr'><strong>meliorem</strong></span> <span class='ocrx_word' id='word_1_42' title='bbox 606 1551 702 1614; x_wconf 85' lang='lat' dir='ltr'><strong>homo</strong></span> <span class='ocrx_word' id='word_1_43' title='bbox 716 1550 795 1615; x_wconf 85' lang='lat' dir='ltr'><strong>vidit</strong></span> <span class='ocrx_word' id='word_1_44' title='bbox 808 1549 879 1631; x_wconf 79' lang='lat' dir='ltr'><strong>illa3</strong></span> 
     </span>
    </p>

    <p class='ocr_par' dir='ltr' id='par_1_10' title="bbox 356 1657 981 1846">
     <span class='ocr_line' id='line_1_12' title="bbox 356 1657 981 1739; baseline -0.005 -17"><span class='ocrx_word' id='word_1_45' title='bbox 356 1659 529 1739; x_wconf 88' lang='lat' dir='ltr'><strong>romphaea</strong></span> <span class='ocrx_word' id='word_1_46' title='bbox 542 1657 682 1738; x_wconf 86' lang='lat' dir='ltr'><strong>cinctus,</strong></span> <span class='ocrx_word' id='word_1_47' title='bbox 697 1675 777 1721; x_wconf 88' lang='lat' dir='ltr'><strong>auro</strong></span> <span class='ocrx_word' id='word_1_48' title='bbox 791 1657 981 1738; x_wconf 77' lang='lat' dir='ltr'><strong>fabrefacta,</strong></span> 
     </span>
     <span class='ocr_line' id='line_1_13' title="bbox 475 1764 756 1846; baseline -0.007 -17"><span class='ocrx_word' id='word_1_49' title='bbox 475 1783 573 1829; x_wconf 91' lang='lat' dir='ltr'><strong>manu</strong></span> <span class='ocrx_word' id='word_1_50' title='bbox 586 1764 756 1846; x_wconf 80' lang='lat' dir='ltr'><strong>magistra,</strong></span> 
     </span>
    </p>
   </div>
   <div class='ocr_carea' id='block_1_5' title="bbox 357 1888 946 2291">
    <p class='ocr_par' dir='ltr' id='par_1_11' title="bbox 357 1888 909 1971">
     <span class='ocr_line' id='line_1_14' title="bbox 357 1888 909 1971; baseline -0.002 -18"><span class='ocrx_word' id='word_1_51' title='bbox 357 1889 478 1971; x_wconf 77' lang='lat' dir='ltr'><strong>Accipit</strong></span> <span class='ocrx_word' id='word_1_52' title='bbox 489 1891 615 1955; x_wconf 86' lang='lat' dir='ltr'><strong>hastam</strong></span> <span class='ocrx_word' id='word_1_53' title='bbox 628 1888 761 1954; x_wconf 90' lang='lat' dir='ltr'><strong>mirifice</strong></span> <span class='ocrx_word' id='word_1_54' title='bbox 775 1891 909 1970; x_wconf 81' lang='lat' dir='ltr'><strong>factam,</strong></span> 
     </span>
    </p>

    <p class='ocr_par' dir='ltr' id='par_1_12' title="bbox 357 1995 894 2077">
     <span class='ocr_line' id='line_1_15' title="bbox 357 1995 894 2077; baseline 0 -19"><span class='ocrx_word' id='word_1_55' title='bbox 357 1995 471 2060; x_wconf 89' lang='lat' dir='ltr'><strong>nobilis</strong></span> <span class='ocrx_word' id='word_1_56' title='bbox 483 1996 580 2061; x_wconf 84' lang='lat' dir='ltr'><strong>silvae</strong></span> <span class='ocrx_word' id='word_1_57' title='bbox 593 1995 719 2060; x_wconf 79' lang='lat' dir='ltr'><strong>llaxino</strong></span> <span class='ocrx_word' id='word_1_58' title='bbox 733 1996 894 2077; x_wconf 86' lang='lat' dir='ltr'><strong>delatam,</strong></span> 
     </span>
    </p>

    <p class='ocr_par' dir='ltr' id='par_1_13' title="bbox 358 2101 946 2291">
     <span class='ocr_line' id='line_1_16' title="bbox 358 2101 946 2182; baseline 0.002 -18"><span class='ocrx_word' id='word_1_59' title='bbox 358 2119 455 2182; x_wconf 87' lang='lat' dir='ltr'><strong>quam</strong></span> <span class='ocrx_word' id='word_1_60' title='bbox 469 2105 553 2166; x_wconf 83' lang='lat' dir='ltr'><strong>terro</strong></span> <span class='ocrx_word' id='word_1_61' title='bbox 567 2102 641 2166; x_wconf 87' lang='lat' dir='ltr'><strong>lorti</strong></span> <span class='ocrx_word' id='word_1_62' title='bbox 653 2103 772 2165; x_wconf 84' lang='lat' dir='ltr'><strong>lecerat</strong></span> <span class='ocrx_word' id='word_1_63' title='bbox 785 2101 946 2180; x_wconf 84' lang='lat' dir='ltr'><strong>limatam,</strong></span> 
     </span>
     <span class='ocr_line' id='line_1_17' title="bbox 478 2209 736 2291; baseline -0.012 -17"><span class='ocrx_word' id='word_1_64' title='bbox 478 2209 592 2291; x_wconf 84' lang='lat' dir='ltr'><strong>cupide</strong></span> <span class='ocrx_word' id='word_1_65' title='bbox 604 2211 736 2272; x_wconf 88' lang='lat' dir='ltr'><strong>rectam.</strong></span> 
     </span>
    </p>
   </div>
   <div class='ocr_carea' id='block_1_6' title="bbox 284 2331 941 2720">
    <p class='ocr_par' dir='ltr' id='par_1_14' title="bbox 284 2331 941 2720">
     <span class='ocr_line' id='line_1_18' title="bbox 332 2331 931 2417; baseline -0.003 -17"><span class='ocrx_word' id='word_1_66' title='bbox 332 2401 335 2408; x_wconf 81' lang='grc'><em>,</em></span> <span class='ocrx_word' id='word_1_67' title='bbox 359 2336 510 2417; x_wconf 76' lang='lat' dir='ltr'><strong>clypeum</strong></span> <span class='ocrx_word' id='word_1_68' title='bbox 524 2337 629 2416; x_wconf 84' lang='lat' dir='ltr'><strong>gestat</strong></span> <span class='ocrx_word' id='word_1_69' title='bbox 640 2333 773 2399; x_wconf 87' lang='lat' dir='ltr'><strong>brachio</strong></span> <span class='ocrx_word' id='word_1_70' title='bbox 785 2331 931 2414; x_wconf 84' lang='lat' dir='ltr'><strong>sinistro,</strong></span> 
     </span>
     <span class='ocr_line' id='line_1_19' title="bbox 284 2443 877 2526; baseline -0.002 -19"><span class='ocrx_word' id='word_1_71' title='bbox 284 2509 288 2516; x_wconf 78' lang='grc'>,</span> <span class='ocrx_word' id='word_1_72' title='bbox 359 2443 413 2526; x_wconf 84' lang='lat' dir='ltr'><strong>qui</strong></span> <span class='ocrx_word' id='word_1_73' title='bbox 427 2446 515 2508; x_wconf 89' lang='lat' dir='ltr'><strong>totus</strong></span> <span class='ocrx_word' id='word_1_74' title='bbox 526 2447 595 2508; x_wconf 87' lang='lat' dir='ltr'><strong>erat</strong></span> <span class='ocrx_word' id='word_1_75' title='bbox 607 2443 765 2526; x_wconf 82' lang='lat' dir='ltr'><strong>figuratus</strong></span> <span class='ocrx_word' id='word_1_76' title='bbox 778 2460 877 2526; x_wconf 81' lang='lat' dir='ltr'><strong>aur03</strong></span> 
     </span>
     <span class='ocr_line' id='line_1_20' title="bbox 360 2549 941 2632; baseline -0.003 -18"><span class='ocrx_word' id='word_1_77' title='bbox 360 2551 393 2614; x_wconf 92' lang='lat' dir='ltr'><strong>in</strong></span> <span class='ocrx_word' id='word_1_78' title='bbox 407 2568 471 2632; x_wconf 85' lang='lat' dir='ltr'><strong>quo</strong></span> <span class='ocrx_word' id='word_1_79' title='bbox 485 2550 629 2631; x_wconf 87' lang='lat' dir='ltr'><strong>depictus</strong></span> <span class='ocrx_word' id='word_1_80' title='bbox 643 2551 729 2612; x_wconf 87' lang='lat' dir='ltr'><strong>ferus</strong></span> <span class='ocrx_word' id='word_1_81' title='bbox 743 2551 811 2612; x_wconf 88' lang='lat' dir='ltr'><strong>erat</strong></span> <span class='ocrx_word' id='word_1_82' title='bbox 824 2549 941 2630; x_wconf 86' lang='lat' dir='ltr'><strong>draco,</strong></span> 
     </span>
     <span class='ocr_line' id='line_1_21' title="bbox 480 2656 708 2720; baseline -0.004 -1"><span class='ocrx_word' id='word_1_83' title='bbox 480 2656 587 2720; x_wconf 89' lang='lat' dir='ltr'><strong>lucido</strong></span> <span class='ocrx_word' id='word_1_84' title='bbox 599 2657 708 2720; x_wconf 84' lang='lat' dir='ltr'><strong>mode.</strong></span> 
     </span>
    </p>
   </div>
   <div class='ocr_carea' id='block_1_7' title="bbox 360 2779 1057 3624">
    <p class='ocr_par' dir='ltr' id='par_1_15' title="bbox 360 2779 1057 3624">
     <span class='ocr_line' id='line_1_22' title="bbox 360 2779 1057 2863; baseline -0.004 -17"><span class='ocrx_word' id='word_1_85' title='bbox 360 2783 461 2861; x_wconf 84' lang='lat' dir='ltr'><strong>caput</strong></span> <span class='ocrx_word' id='word_1_86' title='bbox 472 2779 610 2848; x_wconf 91' lang='lat' dir='ltr'><strong>munivit</strong></span> <span class='ocrx_word' id='word_1_87' title='bbox 620 2781 745 2862; x_wconf 84' lang='lat' dir='ltr'><strong>galcam</strong></span> <span class='ocrx_word' id='word_1_88' title='bbox 757 2781 791 2856; x_wconf 86' lang='lat' dir='ltr'><strong>(l.</strong></span> <span class='ocrx_word' id='word_1_89' title='bbox 806 2781 909 2861; x_wconf 80' lang='lat' dir='ltr'><strong>galea)</strong></span> <span class='ocrx_word' id='word_1_90' title='bbox 922 2780 1057 2863; x_wconf 81' lang='lat' dir='ltr'><strong>fulgenti</strong></span> 
     </span>
     <span class='ocr_line' id='line_1_23' title="bbox 361 2887 909 2970; baseline 0 -19"><span class='ocrx_word' id='word_1_91' title='bbox 361 2906 457 2970; x_wconf 90' lang='lat' dir='ltr'><strong>quam</strong></span> <span class='ocrx_word' id='word_1_92' title='bbox 472 2887 634 2952; x_wconf 88' lang='lat' dir='ltr'><strong>decoravit</strong></span> <span class='ocrx_word' id='word_1_93' title='bbox 646 2887 771 2950; x_wconf 90' lang='lat' dir='ltr'><strong>laminis</strong></span> <span class='ocrx_word' id='word_1_94' title='bbox 784 2887 909 2969; x_wconf 85' lang='lat' dir='ltr'><strong>argenti</strong></span> 
     </span>
     <span class='ocr_line' id='line_1_24' title="bbox 363 2993 859 3076; baseline 0 -18"><span class='ocrx_word' id='word_1_95' title='bbox 363 2996 462 3076; x_wconf 77' lang='lat' dir='ltr'><strong>taber,</strong></span> <span class='ocrx_word' id='word_1_96' title='bbox 478 2998 604 3076; x_wconf 88' lang='lat' dir='ltr'><strong>etopus</strong></span> <span class='ocrx_word' id='word_1_97' title='bbox 618 2993 737 3076; x_wconf 85' lang='lat' dir='ltr'><strong>aptavit</strong></span> <span class='ocrx_word' id='word_1_98' title='bbox 750 2994 859 3060; x_wconf 85' lang='lat' dir='ltr'><strong>electri</strong></span> 
     </span>
     <span class='ocr_line' id='line_1_25' title="bbox 482 3101 712 3182; baseline 0.009 -18"><span class='ocrx_word' id='word_1_99' title='bbox 482 3101 551 3182; x_wconf 84' lang='lat' dir='ltr'><strong>giro</strong></span> <span class='ocrx_word' id='word_1_100' title='bbox 569 3101 712 3166; x_wconf 89' lang='lat' dir='ltr'><strong>circinni.</strong></span> 
     </span>
     <span class='ocr_line' id='line_1_26' title="bbox 361 3227 1052 3308; baseline 0.004 -21"><span class='ocrx_word' id='word_1_101' title='bbox 361 3227 486 3304; x_wconf 84' lang='lat' dir='ltr'><strong>Equum</strong></span> <span class='ocrx_word' id='word_1_102' title='bbox 498 3227 643 3290; x_wconf 87' lang='lat' dir='ltr'><strong>ascendit</strong></span> <span class='ocrx_word' id='word_1_103' title='bbox 654 3245 751 3308; x_wconf 88' lang='lat' dir='ltr'><strong>quem</strong></span> <span class='ocrx_word' id='word_1_104' title='bbox 763 3229 951 3292; x_wconf 90' lang='lat' dir='ltr'><strong>transmare</strong></span> <span class='ocrx_word' id='word_1_105' title='bbox 964 3227 1052 3292; x_wconf 82' lang='lat' dir='ltr'><strong>vexit</strong></span> 
     </span>
     <span class='ocr_line' id='line_1_27' title="bbox 362 3333 1051 3415; baseline 0.001 -21"><span class='ocrx_word' id='word_1_106' title='bbox 362 3333 516 3395; x_wconf 86' lang='lat' dir='ltr'><strong>barbarus</strong></span> <span class='ocrx_word' id='word_1_107' title='bbox 530 3333 678 3415; x_wconf 76' lang='lat' dir='ltr'><strong>quidam,</strong></span> <span class='ocrx_word' id='word_1_108' title='bbox 693 3351 753 3396; x_wconf 88' lang='lat' dir='ltr'><strong>nec</strong></span> <span class='ocrx_word' id='word_1_109' title='bbox 767 3351 808 3397; x_wconf 90' lang='lat' dir='ltr'><strong>ne</strong></span> <span class='ocrx_word' id='word_1_110' title='bbox 822 3334 1051 3411; x_wconf 72' lang='lat' dir='ltr'><strong>comtm)utavit</strong></span> 
     </span>
     <span class='ocr_line' id='line_1_28' title="bbox 362 3436 979 3522; baseline 0.006 -24"><span class='ocrx_word' id='word_1_111' title='bbox 362 3436 468 3500; x_wconf 88' lang='lat' dir='ltr'><strong>aureis</strong></span> <span class='ocrx_word' id='word_1_112' title='bbox 479 3437 582 3520; x_wconf 80' lang='lat' dir='ltr'><strong>mille3</strong></span> <span class='ocrx_word' id='word_1_113' title='bbox 596 3437 650 3520; x_wconf 86' lang='lat' dir='ltr'><strong>qui</strong></span> <span class='ocrx_word' id='word_1_114' title='bbox 663 3440 735 3520; x_wconf 84' lang='lat' dir='ltr'><strong>plus</strong></span> <span class='ocrx_word' id='word_1_115' title='bbox 749 3441 846 3504; x_wconf 84' lang='lat' dir='ltr'><strong>vento</strong></span> <span class='ocrx_word' id='word_1_116' title='bbox 860 3440 979 3522; x_wconf 87' lang='lat' dir='ltr'><strong>currit,</strong></span> 
     </span>
     <span class='ocr_line' id='line_1_29' title="bbox 480 3544 946 3624; baseline 0.006 -19"><span class='ocrx_word' id='word_1_117' title='bbox 480 3544 552 3622; x_wconf 89' lang='lat' dir='ltr'><strong>plus</strong></span> <span class='ocrx_word' id='word_1_118' title='bbox 565 3544 670 3609; x_wconf 87' lang='lat' dir='ltr'><strong>cervoi</strong></span> <span class='ocrx_word' id='word_1_119' title='bbox 685 3546 718 3624; x_wconf 90' lang='lat' dir='ltr'><strong>(l.</strong></span> <span class='ocrx_word' id='word_1_120' title='bbox 734 3545 840 3622; x_wconf 86' lang='lat' dir='ltr'><strong>cervo)</strong></span> <span class='ocrx_word' id='word_1_121' title='bbox 852 3545 946 3610; x_wconf 87' lang='lat' dir='ltr'><strong>sallit.</strong></span> 
     </span>
    </p>
   </div>
   <div class='ocr_carea' id='block_1_8' title="bbox 362 3667 1079 4067">
    <p class='ocr_par' dir='ltr' id='par_1_16' title="bbox 362 3667 1079 3966">
     <span class='ocr_line' id='line_1_30' title="bbox 362 3667 901 3751; baseline 0.007 -21"><span class='ocrx_word' id='word_1_122' title='bbox 362 3667 489 3731; x_wconf 86' lang='lat' dir='ltr'><strong>Talibus</strong></span> <span class='ocrx_word' id='word_1_123' title='bbox 501 3668 596 3732; x_wconf 91' lang='lat' dir='ltr'><strong>armis</strong></span> <span class='ocrx_word' id='word_1_124' title='bbox 610 3673 742 3733; x_wconf 89' lang='lat' dir='ltr'><strong>ornatus</strong></span> <span class='ocrx_word' id='word_1_125' title='bbox 755 3673 788 3732; x_wconf 87' lang='lat' dir='ltr'><strong>et</strong></span> <span class='ocrx_word' id='word_1_126' title='bbox 801 3687 901 3751; x_wconf 81' lang='lat' dir='ltr'><strong>equa,</strong></span> 
     </span>
     <span class='ocr_line' id='line_1_31' title="bbox 362 3775 1079 3857; baseline -0.001 -19"><span class='ocrx_word' id='word_1_127' title='bbox 362 3775 449 3838; x_wconf 87' lang='lat' dir='ltr'><strong>Paris</strong></span> <span class='ocrx_word' id='word_1_128' title='bbox 462 3777 512 3839; x_wconf 88' lang='lat' dir='ltr'><strong>vel</strong></span> <span class='ocrx_word' id='word_1_129' title='bbox 525 3779 640 3840; x_wconf 88' lang='lat' dir='ltr'><strong>Hector</strong></span> <span class='ocrx_word' id='word_1_130' title='bbox 651 3776 790 3841; x_wconf 88' lang='lat' dir='ltr'><strong>melioris</strong></span> <span class='ocrx_word' id='word_1_131' title='bbox 802 3778 834 3857; x_wconf 88' lang='lat' dir='ltr'><strong>(l.</strong></span> <span class='ocrx_word' id='word_1_132' title='bbox 850 3775 1009 3843; x_wconf 81' lang='lat' dir='ltr'><strong>meliorest</strong></span> <span class='ocrx_word' id='word_1_133' title='bbox 1023 3776 1079 3838; x_wconf 90' lang='lat' dir='ltr'><strong>illo</strong></span> 
     </span>
     <span class='ocr_line' id='line_1_32' title="bbox 363 3881 970 3966; baseline 0.002 -21"><span class='ocrx_word' id='word_1_134' title='bbox 363 3898 527 3963; x_wconf 87' lang='lat' dir='ltr'><strong>nunquam</strong></span> <span class='ocrx_word' id='word_1_135' title='bbox 542 3883 672 3944; x_wconf 85' lang='lat' dir='ltr'><strong>fuerunt</strong></span> <span class='ocrx_word' id='word_1_136' title='bbox 684 3881 718 3943; x_wconf 92' lang='lat' dir='ltr'><strong>in</strong></span> <span class='ocrx_word' id='word_1_137' title='bbox 729 3884 856 3964; x_wconf 86' lang='lat' dir='ltr'><strong>trojano</strong></span> <span class='ocrx_word' id='word_1_138' title='bbox 868 3883 970 3966; x_wconf 83' lang='lat' dir='ltr'><strong>ballo,</strong></span> 
     </span>
    </p>

    <p class='ocr_par' dir='ltr' id='par_1_17' title="bbox 482 3987 795 4067">
     <span class='ocr_line' id='line_1_33' title="bbox 482 3987 795 4067; baseline 0.006 -19"><span class='ocrx_word' id='word_1_139' title='bbox 482 3988 557 4050; x_wconf 91' lang='lat' dir='ltr'><strong>sunt</strong></span> <span class='ocrx_word' id='word_1_140' title='bbox 571 4003 675 4067; x_wconf 83' lang='lat' dir='ltr'><strong>neque</strong></span> <span class='ocrx_word' id='word_1_141' title='bbox 688 3987 795 4050; x_wconf 89' lang='lat' dir='ltr'><strong>modo.</strong></span> 
     </span>
    </p>
   </div>
   <div class='ocr_carea' id='block_1_9' title="bbox 364 4102 962 4185">
    <p class='ocr_par' dir='ltr' id='par_1_18' title="bbox 364 4102 962 4185">
     <span class='ocr_line' id='line_1_34' title="bbox 364 4102 962 4185; baseline 0.007 -21"><span class='ocrx_word' id='word_1_142' title='bbox 364 4107 450 4166; x_wconf 81' lang='lat' dir='ltr'><strong>Tunc</strong></span> <span class='ocrx_word' id='word_1_143' title='bbox 460 4102 648 4182; x_wconf 88' lang='lat' dir='ltr'><strong>deprecatur</strong></span> <span class='ocrx_word' id='word_1_144' title='bbox 659 4103 714 4182; x_wconf 83' lang='lat' dir='ltr'><strong>(Le</strong></span> <span class='ocrx_word' id='word_1_145' title='bbox 726 4110 801 4166; x_wconf 80' lang='lat' dir='ltr'><strong>reste</strong></span> <span class='ocrx_word' id='word_1_146' title='bbox 810 4103 962 4185; x_wconf 71' lang='lat' dir='ltr'><strong>manure.)</strong></span> 
     </span>
    </p>
   </div>
   <div class='ocr_carea' id='block_1_10' title="bbox 0 0 1363 4970">
    <p class='ocr_par' dir='ltr' id='par_1_19' title="bbox 0 0 1363 4970">
     <span class='ocr_line' id='line_1_35' title="bbox 0 0 1363 4970; baseline 0 0"><span class='ocrx_word' id='word_1_147' title='bbox 0 0 1363 4970; x_wconf 95' lang='lat' dir='ltr'><strong> </strong></span> 
     </span>
    </p>
   </div>
  </div>
 </body>
</html>
