2672 4968
479 421 644 478 -225-

309 547 390 608 haee
404 549 454 608 est
464 545 582 608 amoris
596 544 680 608 acies

308 651 341 712 in
357 650 469 713 castris
483 625 697 713 militantium.

309 811 431 873 Amoris
445 815 493 872 est
505 809 652 873 materies

309 917 350 978 de
361 919 476 978 natura
490 916 687 996 coelestium,

309 1040 407 1102 quam
420 1040 487 1085 non
501 1021 620 1102 frangit
633 1021 784 1104 canities,

311 1145 371 1191 nec
382 1127 552 1190 demolitur
565 1126 700 1190 senium.

311 1293 427 1363 Amor,
443 1291 498 1350 tua
512 1285 659 1350 mollities

313 1393 452 1457 declinat
464 1393 497 1456 in
509 1394 720 1472 contrarium3

313 1505 369 1562 tua
383 1498 546 1562 blanditur
558 1500 661 1561 rabies
673 1529 681 1578 t

313 1611 404 1670 tuum
418 1607 480 1667 mel
495 1605 532 1667 lit
545 1603 771 1685 absynthium(
796 1607 814 1676 ).

312 1772 357 1830 lu
372 1767 488 1852 saturis
503 1765 640 1846 esurite,

314 1874 365 1936 siti
380 1873 502 1954 peruris
517 1872 655 1952 ebrium,

313 1999 369 2061 per
382 1983 516 2062 abrupta
530 1979 692 2060 planitiae,

314 2089 478 2168 perplana
495 2087 724 2168 praecipitium.

313 2252 427 2327 Amor,
444 2252 499 2310 tua
519 2247 652 2310 durities

316 2352 450 2416 vertitur
463 2353 496 2416 in
511 2353 705 2432 remedium,

314 2460 409 2522 ludus
421 2463 496 2522 tuus
512 2463 561 2522 est
575 2459 690 2540 series3

314 2572 390 2629 tuus
401 2567 492 2629 labor
506 2571 554 2629 est
564 2567 678 2630 otium.

314 2727 340 2788 si
356 2726 431 2789 liam
446 2730 531 2788 llaro
543 2726 655 2789 millies

312 2839 346 2896 et
359 2834 477 2913 linguis
490 2836 604 2914 loquar
616 2834 776 2910 omnium.

313 2939 366 3002 vix
379 2939 533 3028 explicem
547 2941 694 3002 materies

311 3047 431 3108 amoris
445 3047 674 3109 clamantium.

314 3211 409 3270 Amor
421 3205 562 3268 Medeam
576 3204 687 3266 docuit

311 3313 419 3392 spargi
433 3314 582 3374 natorum
593 3309 765 3392 sanguine3

312 3422 408 3480 Amor
421 3420 596 3480 Tonantem
610 3415 743 3495 minuit,
780 3406 783 3411 ’

313 3521 462 3586 indutum
478 3524 619 3586 membra
634 3523 790 3602 feminae,

313 3635 408 3693 Amor
422 3629 560 3692 tlcidcm
575 3629 716 3710 domuit,

22 3873 51 3929 (ll
66 3873 136 3918 Getta
146 3868 280 3925 metaphorae
289 3880 315 3912 sc
323 3873 428 3912 retrouvc
437 3866 493 3912 dans
504 3878 547 3910 une
696 3873 713 3900 rt
724 3878 760 3900 non
771 3870 883 3904 conranni

20 3943 60 3980 rlrc
70 3936 179 3979 chanson
190 3933 220 3974 du
233 3933 306 3975 meme
316 3927 440 3972 manuscrit
452 3941 457 3971 ε
696 3913 716 3944 ““
725 3914 902 4001 Ἲξῇῗζξζζψω

696 4003 712 4033 ,εἰ
724 4003 769 4035 dum
779 4005 891 4044 relinquitur

160 4053 210 4084 Dum
220 4051 291 4091 sugitur
695 4049 765 4089 sytria,
777 4049 877 4082 incurritur

112 4107 178 4138 umor,
189 4095 300 4132 incurritur.
696 4094 768 4131 scyllat-
778 4093 901 4134 naufragium.
