<?xml version="1.0" encoding="UTF-8"?>
<!DOCTYPE html PUBLIC "-//W3C//DTD XHTML 1.0 Transitional//EN"
    "http://www.w3.org/TR/xhtml1/DTD/xhtml1-transitional.dtd">
<html xmlns="http://www.w3.org/1999/xhtml" xml:lang="en" lang="en">
 <head>
  <title>
</title>
<meta http-equiv="Content-Type" content="text/html;charset=utf-8" />
  <meta name='ocr-system' content='tesseract 3.04.00' />
  <meta name='ocr-capabilities' content='ocr_page ocr_carea ocr_par ocr_line ocrx_word'/>
</head>
<body>
  <div class='ocr_page' id='page_1' title='image "./posiespopulaire03mrgoog/posiespopulaire03mrgoog_0271.png"; bbox 0 0 2672 4968; ppageno 0'>
   <div class='ocr_carea' id='block_1_1' title="bbox 496 458 657 514">
    <p class='ocr_par' dir='ltr' id='par_1_1' title="bbox 496 458 657 514">
     <span class='ocr_line' id='line_1_1' title="bbox 496 458 657 514; baseline 0 0"><span class='ocrx_word' id='word_1_1' title='bbox 496 458 604 514; x_wconf 75' lang='lat'>—269</span> <span class='ocrx_word' id='word_1_2' title='bbox 617 489 657 498; x_wconf 91' lang='lat'><em>-</em></span> 
     </span>
    </p>
   </div>
   <div class='ocr_carea' id='block_1_2' title="bbox 309 585 790 774">
    <p class='ocr_par' dir='ltr' id='par_1_2' title="bbox 309 585 790 774">
     <span class='ocr_line' id='line_1_2' title="bbox 310 585 660 669; baseline 0 -21"><span class='ocrx_word' id='word_1_3' title='bbox 310 585 441 649; x_wconf 78' lang='lat' dir='ltr'><strong>Moritur</strong></span> <span class='ocrx_word' id='word_1_4' title='bbox 452 603 509 664; x_wconf 91' lang='lat' dir='ltr'><strong>pro</strong></span> <span class='ocrx_word' id='word_1_5' title='bbox 520 586 660 669; x_wconf 77' lang='lat' dir='ltr'><strong>justitia,</strong></span> 
     </span>
     <span class='ocr_line' id='line_1_3' title="bbox 309 693 790 774; baseline -0.004 -18"><span class='ocrx_word' id='word_1_6' title='bbox 309 709 476 773; x_wconf 85' lang='lat' dir='ltr'><strong>perquem</strong></span> <span class='ocrx_word' id='word_1_7' title='bbox 494 694 662 756; x_wconf 72' lang='lat' dir='ltr'>constabat</span> <span class='ocrx_word' id='word_1_8' title='bbox 679 693 790 774; x_wconf 84' lang='lat' dir='ltr'><strong>patria.</strong></span> 
     </span>
    </p>
   </div>
   <div class='ocr_carea' id='block_1_3' title="bbox 235 827 716 1232">
    <p class='ocr_par' dir='ltr' id='par_1_3' title="bbox 235 827 716 1232">
     <span class='ocr_line' id='line_1_4' title="bbox 309 827 688 911; baseline -0.003 -19"><span class='ocrx_word' id='word_1_9' title='bbox 309 831 386 892; x_wconf 84' lang='lat' dir='ltr'><strong>Cum</strong></span> <span class='ocrx_word' id='word_1_10' title='bbox 400 830 484 891; x_wconf 90' lang='lat' dir='ltr'><strong>esset</strong></span> <span class='ocrx_word' id='word_1_11' title='bbox 497 827 529 890; x_wconf 93' lang='lat' dir='ltr'><strong>in</strong></span> <span class='ocrx_word' id='word_1_12' title='bbox 539 829 688 911; x_wconf 83' lang='lat' dir='ltr'><strong>ecelesia,</strong></span> 
     </span>
     <span class='ocr_line' id='line_1_5' title="bbox 308 927 705 1018; baseline 0.008 -21"><span class='ocrx_word' id='word_1_13' title='bbox 308 927 451 999; x_wconf 90' lang='lat' dir='ltr'><strong>intentus</strong></span> <span class='ocrx_word' id='word_1_14' title='bbox 463 935 496 998; x_wconf 96' lang='lat' dir='ltr'><strong>in</strong></span> <span class='ocrx_word' id='word_1_15' title='bbox 509 936 684 1016; x_wconf 86' lang='lat' dir='ltr'><strong>psalmodia</strong></span> <span class='ocrx_word' id='word_1_16' title='bbox 697 986 705 1018; x_wconf 88' lang='lat'>,</span> 
     </span>
     <span class='ocr_line' id='line_1_6' title="bbox 307 1043 716 1126; baseline 0.002 -21"><span class='ocrx_word' id='word_1_17' title='bbox 307 1059 403 1106; x_wconf 89' lang='lat' dir='ltr'><strong>orans</strong></span> <span class='ocrx_word' id='word_1_18' title='bbox 414 1045 514 1106; x_wconf 81' lang='lat' dir='ltr'><strong>[teum</strong></span> <span class='ocrx_word' id='word_1_19' title='bbox 526 1046 633 1108; x_wconf 86' lang='lat' dir='ltr'><strong>mente</strong></span> <span class='ocrx_word' id='word_1_20' title='bbox 643 1043 695 1124; x_wconf 88' lang='lat' dir='ltr'><strong>pia</strong></span> <span class='ocrx_word' id='word_1_21' title='bbox 708 1093 716 1126; x_wconf 91' lang='lat'>,</span> 
     </span>
     <span class='ocr_line' id='line_1_7' title="bbox 235 1127 682 1232; baseline 0 -20"><span class='ocrx_word' id='word_1_22' title='bbox 235 1127 239 1146; x_wconf 78' lang='lat'>&#39;</span> <span class='ocrx_word' id='word_1_23' title='bbox 307 1149 435 1213; x_wconf 88' lang='lat' dir='ltr'><strong>emersit</strong></span> <span class='ocrx_word' id='word_1_24' title='bbox 447 1152 564 1214; x_wconf 83' lang='lat' dir='ltr'><strong>cohors</strong></span> <span class='ocrx_word' id='word_1_25' title='bbox 576 1149 682 1232; x_wconf 87' lang='lat' dir='ltr'><strong>impia.</strong></span> 
     </span>
    </p>
   </div>
   <div class='ocr_carea' id='block_1_4' title="bbox 302 1284 696 1686">
    <p class='ocr_par' dir='ltr' id='par_1_4' title="bbox 302 1284 696 1686">
     <span class='ocr_line' id='line_1_8' title="bbox 305 1284 696 1366; baseline 0 -19"><span class='ocrx_word' id='word_1_26' title='bbox 305 1288 378 1349; x_wconf 80' lang='lat' dir='ltr'><strong>Mox</strong></span> <span class='ocrx_word' id='word_1_27' title='bbox 391 1289 567 1348; x_wconf 86' lang='lat' dir='ltr'><strong>exeruntur</strong></span> <span class='ocrx_word' id='word_1_28' title='bbox 581 1284 676 1366; x_wconf 86' lang='lat' dir='ltr'><strong>gladii</strong></span> <span class='ocrx_word' id='word_1_29' title='bbox 688 1312 696 1366; x_wconf 81' lang='lat'>3</span> 
     </span>
     <span class='ocr_line' id='line_1_9' title="bbox 302 1392 669 1473; baseline 0.003 -20"><span class='ocrx_word' id='word_1_30' title='bbox 302 1393 451 1472; x_wconf 87' lang='lat' dir='ltr'><strong>jugulant</strong></span> <span class='ocrx_word' id='word_1_31' title='bbox 464 1392 669 1473; x_wconf 79' lang='lat' dir='ltr'><strong>patremfilii3</strong></span> 
     </span>
     <span class='ocr_line' id='line_1_10' title="bbox 302 1499 636 1579; baseline 0.003 -18"><span class='ocrx_word' id='word_1_32' title='bbox 302 1499 502 1579; x_wconf 88' lang='lat' dir='ltr'><strong>perimuntur</strong></span> <span class='ocrx_word' id='word_1_33' title='bbox 514 1499 636 1562; x_wconf 85' lang='lat' dir='ltr'><strong>innoxii</strong></span> 
     </span>
     <span class='ocr_line' id='line_1_11' title="bbox 304 1605 601 1686; baseline -0.003 -19"><span class='ocrx_word' id='word_1_34' title='bbox 304 1623 367 1669; x_wconf 93' lang='lat' dir='ltr'><strong>una</strong></span> <span class='ocrx_word' id='word_1_35' title='bbox 381 1609 520 1686; x_wconf 87' lang='lat' dir='ltr'><strong>quatuor</strong></span> <span class='ocrx_word' id='word_1_36' title='bbox 535 1605 601 1669; x_wconf 83' lang='lat' dir='ltr'><strong>filii.</strong></span> 
     </span>
    </p>
   </div>
   <div class='ocr_carea' id='block_1_5' title="bbox 302 1741 687 2126">
    <p class='ocr_par' dir='ltr' id='par_1_5' title="bbox 302 1741 687 2018">
     <span class='ocr_line' id='line_1_12' title="bbox 302 1741 687 1824; baseline 0.003 -20"><span class='ocrx_word' id='word_1_37' title='bbox 302 1743 485 1822; x_wconf 86' lang='lat' dir='ltr'><strong>tunguntur</strong></span> <span class='ocrx_word' id='word_1_38' title='bbox 497 1756 606 1804; x_wconf 88' lang='lat' dir='ltr'><strong>amore</strong></span> <span class='ocrx_word' id='word_1_39' title='bbox 614 1741 666 1823; x_wconf 89' lang='lat' dir='ltr'><strong>pio</strong></span> <span class='ocrx_word' id='word_1_40' title='bbox 679 1792 687 1824; x_wconf 83' lang='lat'><strong>‚</strong></span> 
     </span>
     <span class='ocr_line' id='line_1_13' title="bbox 302 1848 677 1912; baseline -0.003 -2"><span class='ocrx_word' id='word_1_41' title='bbox 302 1848 414 1910; x_wconf 91' lang='lat' dir='ltr'><strong>mortis</strong></span> <span class='ocrx_word' id='word_1_42' title='bbox 429 1848 547 1910; x_wconf 88' lang='lat' dir='ltr'><strong>dantur</strong></span> <span class='ocrx_word' id='word_1_43' title='bbox 555 1848 654 1912; x_wconf 87' lang='lat' dir='ltr'><strong>exitio</strong></span> <span class='ocrx_word' id='word_1_44' title='bbox 670 1877 677 1909; x_wconf 72' lang='grc' dir='ltr'><strong><em>ι</em></strong></span> 
     </span>
     <span class='ocr_line' id='line_1_14' title="bbox 302 1955 601 2018; baseline 0.007 -2"><span class='ocrx_word' id='word_1_45' title='bbox 302 1971 413 2017; x_wconf 86' lang='lat' dir='ltr'><strong>eorum</strong></span> <span class='ocrx_word' id='word_1_46' title='bbox 427 1955 601 2018; x_wconf 88' lang='lat' dir='ltr'><strong>interneei0</strong></span> 
     </span>
    </p>

    <p class='ocr_par' dir='ltr' id='par_1_6' title="bbox 302 2060 685 2126">
     <span class='ocr_line' id='line_1_15' title="bbox 302 2060 685 2126; baseline -0.003 -3"><span class='ocrx_word' id='word_1_47' title='bbox 302 2060 340 2124; x_wconf 86' lang='lat' dir='ltr'><strong>iit</strong></span> <span class='ocrx_word' id='word_1_48' title='bbox 351 2062 516 2125; x_wconf 79' lang='lat' dir='ltr'><strong>Flandriae</strong></span> <span class='ocrx_word' id='word_1_49' title='bbox 529 2063 685 2126; x_wconf 82' lang='lat' dir='ltr'><strong>confusio.</strong></span> 
     </span>
    </p>
   </div>
   <div class='ocr_carea' id='block_1_6' title="bbox 239 2195 720 2596">
    <p class='ocr_par' dir='ltr' id='par_1_7' title="bbox 301 2195 720 2491">
     <span class='ocr_line' id='line_1_16' title="bbox 302 2195 668 2259; baseline 0.003 -1"><span class='ocrx_word' id='word_1_50' title='bbox 302 2195 358 2259; x_wconf 86' lang='lat' dir='ltr'><strong>Hie</strong></span> <span class='ocrx_word' id='word_1_51' title='bbox 370 2214 444 2258; x_wconf 87' lang='lat' dir='ltr'><strong>eum</strong></span> <span class='ocrx_word' id='word_1_52' title='bbox 458 2197 584 2259; x_wconf 87' lang='lat' dir='ltr'><strong>duobus</strong></span> <span class='ocrx_word' id='word_1_53' title='bbox 595 2196 668 2259; x_wconf 81' lang='lat' dir='ltr'><strong>siliis</strong></span> 
     </span>
     <span class='ocr_line' id='line_1_17' title="bbox 303 2303 720 2384; baseline 0.002 -21"><span class='ocrx_word' id='word_1_54' title='bbox 303 2306 392 2382; x_wconf 86' lang='lat' dir='ltr'><strong>pater</strong></span> <span class='ocrx_word' id='word_1_55' title='bbox 405 2307 573 2366; x_wconf 86' lang='lat' dir='ltr'><strong>truncatur</strong></span> <span class='ocrx_word' id='word_1_56' title='bbox 587 2303 699 2382; x_wconf 84' lang='lat' dir='ltr'><strong>gladiis</strong></span> <span class='ocrx_word' id='word_1_57' title='bbox 712 2333 720 2384; x_wconf 71' lang='lat'>5</span> 
     </span>
     <span class='ocr_line' id='line_1_18' title="bbox 301 2408 658 2491; baseline -0.008 -19"><span class='ocrx_word' id='word_1_58' title='bbox 301 2410 373 2491; x_wconf 79' lang='lat' dir='ltr'><strong>qui,</strong></span> <span class='ocrx_word' id='word_1_59' title='bbox 389 2411 470 2473; x_wconf 91' lang='lat' dir='ltr'><strong>eruti</strong></span> <span class='ocrx_word' id='word_1_60' title='bbox 484 2411 524 2472; x_wconf 85' lang='lat' dir='ltr'><strong>ah</strong></span> <span class='ocrx_word' id='word_1_61' title='bbox 537 2408 658 2490; x_wconf 82' lang='lat' dir='ltr'><strong>impiis,</strong></span> 
     </span>
    </p>

    <p class='ocr_par' dir='ltr' id='par_1_8' title="bbox 239 2516 696 2596">
     <span class='ocr_line' id='line_1_19' title="bbox 239 2516 696 2596; baseline -0.009 -15"><span class='ocrx_word' id='word_1_62' title='bbox 239 2577 243 2583; x_wconf 74' lang='grc'>,</span> <span class='ocrx_word' id='word_1_63' title='bbox 301 2517 380 2580; x_wconf 86' lang='lat' dir='ltr'><strong>coeli</strong></span> <span class='ocrx_word' id='word_1_64' title='bbox 397 2518 547 2580; x_wconf 82' lang='lat' dir='ltr'><strong>fruuntur</strong></span> <span class='ocrx_word' id='word_1_65' title='bbox 561 2516 696 2596; x_wconf 89' lang='lat' dir='ltr'><strong>gaudiis.</strong></span> 
     </span>
    </p>
   </div>
   <div class='ocr_carea' id='block_1_7' title="bbox 300 2647 715 3050">
    <p class='ocr_par' dir='ltr' id='par_1_9' title="bbox 300 2647 715 3050">
     <span class='ocr_line' id='line_1_20' title="bbox 300 2647 705 2729; baseline -0.005 -16"><span class='ocrx_word' id='word_1_66' title='bbox 300 2653 373 2713; x_wconf 85' lang='lat' dir='ltr'><strong>Mox</strong></span> <span class='ocrx_word' id='word_1_67' title='bbox 391 2649 525 2713; x_wconf 88' lang='lat' dir='ltr'><strong>istorum</strong></span> <span class='ocrx_word' id='word_1_68' title='bbox 539 2647 705 2729; x_wconf 81' lang='lat' dir='ltr'><strong>cognati0,</strong></span> 
     </span>
     <span class='ocr_line' id='line_1_21' title="bbox 301 2755 626 2837; baseline -0.003 -17"><span class='ocrx_word' id='word_1_69' title='bbox 301 2758 496 2837; x_wconf 84' lang='lat' dir='ltr'><strong>compatiens</strong></span> <span class='ocrx_word' id='word_1_70' title='bbox 510 2755 626 2836; x_wconf 79' lang='lat' dir='ltr'><strong>exitio,</strong></span> 
     </span>
     <span class='ocr_line' id='line_1_22' title="bbox 300 2860 715 2946; baseline 0 -21"><span class='ocrx_word' id='word_1_71' title='bbox 300 2865 409 2946; x_wconf 83' lang='lat' dir='ltr'><strong>luget,</strong></span> <span class='ocrx_word' id='word_1_72' title='bbox 427 2864 524 2944; x_wconf 83' lang='lat' dir='ltr'><strong>gemit</strong></span> <span class='ocrx_word' id='word_1_73' title='bbox 535 2863 632 2927; x_wconf 87' lang='lat' dir='ltr'><strong>corde</strong></span> <span class='ocrx_word' id='word_1_74' title='bbox 645 2860 715 2942; x_wconf 87' lang='lat' dir='ltr'><strong>piu,</strong></span> 
     </span>
     <span class='ocr_line' id='line_1_23' title="bbox 300 2970 610 3050; baseline -0.006 -17"><span class='ocrx_word' id='word_1_75' title='bbox 300 2974 336 3033; x_wconf 92' lang='lat' dir='ltr'><strong>ut</strong></span> <span class='ocrx_word' id='word_1_76' title='bbox 349 2970 449 3050; x_wconf 83' lang='lat' dir='ltr'><strong>exigit</strong></span> <span class='ocrx_word' id='word_1_77' title='bbox 460 2970 610 3034; x_wconf 86' lang='lat' dir='ltr'><strong>conditio.</strong></span> 
     </span>
    </p>
   </div>
   <div class='ocr_carea' id='block_1_8' title="bbox 296 3105 726 3507">
    <p class='ocr_par' dir='ltr' id='par_1_10' title="bbox 300 3105 651 3189">
     <span class='ocr_line' id='line_1_24' title="bbox 300 3105 651 3189; baseline -0.014 -21"><span class='ocrx_word' id='word_1_78' title='bbox 300 3107 406 3168; x_wconf 80' lang='lat' dir='ltr'><strong>Cesset</strong></span> <span class='ocrx_word' id='word_1_79' title='bbox 421 3105 536 3189; x_wconf 77' lang='lat' dir='ltr'><strong>amado</strong></span> <span class='ocrx_word' id='word_1_80' title='bbox 547 3105 651 3182; x_wconf 80' lang='lat' dir='ltr'><strong>luere,</strong></span> 
     </span>
    </p>

    <p class='ocr_par' dir='ltr' id='par_1_11' title="bbox 296 3207 726 3507">
     <span class='ocr_line' id='line_1_25' title="bbox 299 3207 717 3290; baseline -0.017 -16"><span class='ocrx_word' id='word_1_81' title='bbox 299 3212 427 3274; x_wconf 80' lang='lat' dir='ltr'><strong>studeat</strong></span> <span class='ocrx_word' id='word_1_82' title='bbox 440 3227 550 3290; x_wconf 82' lang='lat' dir='ltr'><strong>preces</strong></span> <span class='ocrx_word' id='word_1_83' title='bbox 564 3207 717 3287; x_wconf 82' lang='lat' dir='ltr'><strong>fundere3</strong></span> 
     </span>
     <span class='ocr_line' id='line_1_26' title="bbox 300 3316 726 3395; baseline -0.023 -13"><span class='ocrx_word' id='word_1_84' title='bbox 300 3321 426 3383; x_wconf 84' lang='lat' dir='ltr'><strong>constat</strong></span> <span class='ocrx_word' id='word_1_85' title='bbox 440 3316 563 3379; x_wconf 88' lang='lat' dir='ltr'><strong>animas</strong></span> <span class='ocrx_word' id='word_1_86' title='bbox 573 3329 726 3395; x_wconf 87' lang='lat' dir='ltr'><strong>quaerere</strong></span> 
     </span>
     <span class='ocr_line' id='line_1_27' title="bbox 296 3425 703 3507; baseline -0.027 -16"><span class='ocrx_word' id='word_1_87' title='bbox 296 3425 401 3507; x_wconf 76' lang='lat' dir='ltr'><strong>Juvuri</strong></span> <span class='ocrx_word' id='word_1_88' title='bbox 414 3441 545 3505; x_wconf 87' lang='lat' dir='ltr'><strong>precum</strong></span> <span class='ocrx_word' id='word_1_89' title='bbox 559 3436 703 3484; x_wconf 90' lang='lat' dir='ltr'><strong>munere.</strong></span> 
     </span>
    </p>
   </div>
   <div class='ocr_carea' id='block_1_9' title="bbox 296 3562 824 3965">
    <p class='ocr_par' dir='ltr' id='par_1_12' title="bbox 298 3562 616 3644">
     <span class='ocr_line' id='line_1_28' title="bbox 298 3562 616 3644; baseline -0.013 -14"><span class='ocrx_word' id='word_1_90' title='bbox 298 3567 352 3631; x_wconf 88' lang='lat' dir='ltr'><strong>Pia</strong></span> <span class='ocrx_word' id='word_1_91' title='bbox 364 3566 418 3629; x_wconf 88' lang='lat' dir='ltr'><strong>Dei</strong></span> <span class='ocrx_word' id='word_1_92' title='bbox 432 3562 616 3644; x_wconf 83' lang='lat' dir='ltr'><strong>clementia,</strong></span> 
     </span>
    </p>

    <p class='ocr_par' dir='ltr' id='par_1_13' title="bbox 298 3667 663 3752">
     <span class='ocr_line' id='line_1_29' title="bbox 298 3667 663 3752; baseline -0.019 -14"><span class='ocrx_word' id='word_1_93' title='bbox 298 3691 409 3738; x_wconf 89' lang='lat' dir='ltr'><strong>eaesos</strong></span> <span class='ocrx_word' id='word_1_94' title='bbox 420 3689 477 3752; x_wconf 87' lang='lat' dir='ltr'><strong>pro</strong></span> <span class='ocrx_word' id='word_1_95' title='bbox 491 3675 546 3733; x_wconf 87' lang='lat' dir='ltr'><strong>tua</strong></span> <span class='ocrx_word' id='word_1_96' title='bbox 561 3667 663 3750; x_wconf 88' lang='lat' dir='ltr'><strong>gratia</strong></span> 
     </span>
    </p>

    <p class='ocr_par' dir='ltr' id='par_1_14' title="bbox 299 3775 727 3858">
     <span class='ocr_line' id='line_1_30' title="bbox 299 3775 727 3858; baseline -0.019 -13"><span class='ocrx_word' id='word_1_97' title='bbox 299 3782 435 3845; x_wconf 78' lang='lat' dir='ltr'><strong>transfer</strong></span> <span class='ocrx_word' id='word_1_98' title='bbox 446 3780 486 3842; x_wconf 90' lang='lat' dir='ltr'><strong>ad</strong></span> <span class='ocrx_word' id='word_1_99' title='bbox 501 3776 581 3841; x_wconf 90' lang='lat' dir='ltr'><strong>coeli</strong></span> <span class='ocrx_word' id='word_1_100' title='bbox 595 3775 727 3858; x_wconf 84' lang='lat' dir='ltr'><strong>gaudia,</strong></span> 
     </span>
    </p>

    <p class='ocr_par' dir='ltr' id='par_1_15' title="bbox 296 3882 824 3965">
     <span class='ocr_line' id='line_1_31' title="bbox 296 3882 824 3965; baseline -0.015 -15"><span class='ocrx_word' id='word_1_101' title='bbox 296 3892 333 3950; x_wconf 95' lang='lat' dir='ltr'><strong>ut</strong></span> <span class='ocrx_word' id='word_1_102' title='bbox 346 3891 450 3952; x_wconf 86' lang='lat' dir='ltr'><strong>tecum</strong></span> <span class='ocrx_word' id='word_1_103' title='bbox 466 3886 530 3949; x_wconf 91' lang='lat' dir='ltr'><strong>sint</strong></span> <span class='ocrx_word' id='word_1_104' title='bbox 543 3885 575 3948; x_wconf 95' lang='lat' dir='ltr'><strong>in</strong></span> <span class='ocrx_word' id='word_1_105' title='bbox 589 3882 700 3965; x_wconf 86' lang='lat' dir='ltr'><strong>gloria.</strong></span> <span class='ocrx_word' id='word_1_106' title='bbox 716 3887 824 3948; x_wconf 82' lang='lat' dir='ltr'><strong>Arnen.</strong></span> 
     </span>
    </p>
   </div>
   <div class='ocr_carea' id='block_1_10' title="bbox 0 0 1340 4968">
    <p class='ocr_par' dir='ltr' id='par_1_16' title="bbox 0 0 1340 4968">
     <span class='ocr_line' id='line_1_32' title="bbox 0 0 1340 4968; baseline 0 1"><span class='ocrx_word' id='word_1_107' title='bbox 0 0 1340 4968; x_wconf 95' lang='lat' dir='ltr'><strong> </strong></span> 
     </span>
    </p>
   </div>
  </div>
 </body>
</html>
