2652 4968
454 453 495 463 ·-
510 423 565 480 ¹33
577 452 617 460 -

110 552 148 611 ut
161 551 280 612 clamet
290 567 329 612 os
343 564 454 610 verum
468 565 528 610 neo
538 551 642 612 cesset
652 547 778 627 dioere,

109 658 152 720 ut
164 655 370 720 benefaciant
381 653 472 718 vobis
482 655 515 730 (l.
528 651 619 718 nobis
627 658 651 730 l)
664 651 816 734 suppositi

110 769 146 827 at
157 780 285 844 semper
296 762 437 824 habeant
449 760 597 824 timoren
610 760 744 824 Domini.

109 870 205 946 Quod
222 868 300 950 qtria
316 869 438 949 lacere,
453 869 561 930 Patres
573 871 634 949 (1),
649 866 827 948 negligitis,

112 977 282 1040 vobiscum
296 974 378 1038 filios
391 973 434 1037 ad
447 977 584 1038 mortem
595 973 723 1038 ducitis.

112 1087 180 1146 lloc
190 1082 279 1146 enim
289 1081 445 1162 seriptum
458 1083 523 1161 est,
537 1081 625 1161 quod
636 1098 730 1144 nasus
741 1079 848 1161 populi

113 1188 147 1252 in
161 1189 224 1252 ista
236 1188 303 1254 vita
316 1189 393 1250 suut
405 1185 480 1250 mali
493 1187 680 1268 presbyteri.

112 1299 193 1360 Cum
207 1295 241 1358 in
255 1293 428 1359 novissimo
442 1291 583 1374 requiret
594 1294 748 1358 Dominus

113 1402 303 1466 commissas
317 1401 439 1466 annuas
451 1401 495 1466 de
508 1403 621 1466 nastris
636 1402 802 1483 manibus,

116 1512 155 1572 ut
167 1527 224 1574 vos
238 1512 316 1572 ante
327 1512 427 1572 Deum
440 1511 624 1588 praesentes
637 1507 743 1589 oritis,

114 1615 193 1698 quiid
206 1614 320 1680 dicetis
332 1614 385 1678 ei?
402 1614 484 1692 Quid
498 1615 750 1696 respondebitis?

116 1727 197 1804 Vos,
211 1722 272 1785 nisi
288 1722 398 1803 iniquo
412 1720 642 1786 annuntiabitis

116 1830 224 1894 omnia
238 1829 370 1894 erimina
384 1847 467 1911 quse
480 1829 672 1911 intelligitis,

118 1939 156 1998 st
168 1936 229 1999 nisi
241 1935 385 2000 viventes
398 1937 479 2000 baec
491 1934 720 2017 emendabitis,

116 2060 192 2106 oum
202 2043 295 2106 malis
309 2043 342 2106 in
357 2042 464 2123 ignem
477 2045 644 2106 aeternum
657 2041 741 2106 ibitis
755 2047 808 2122 (bt

158 2154 227 2214 Non
237 2153 287 2214 est
300 2147 461 2212 sufficiens
474 2148 631 2229 quidquid
641 2151 710 2230 jam
723 2149 856 2230 protuli,

119 2255 180 2320 nisi
193 2256 374 2336 adjunxero
387 2257 473 2318 lauto
488 2254 670 2335 dictamini,

118 2365 160 2426 be
175 2362 263 2426 salsis
276 2361 443 2428 monacbis
456 2364 614 2442 quantum
627 2361 789 2443 intelligo,

118 2469 296 2533 seeundum
307 2486 497 2549 operaquae
511 2469 551 2532 de
565 2469 615 2533 his
628 2469 737 2533 audio.

120 2578 187 2639 Non
201 2575 288 2638 enim
300 2574 388 2638 aliud
402 2578 478 2655 opto
490 2591 700 2657 oomponere,
744 2639 753 2664 ,
882 2657 887 2666 ¹

122 2700 181 2746 neo
194 2696 316 2744 novum
330 2679 450 2761 aliquid
462 2697 583 2760 qrraero
596 2680 798 2761 confingere,

121 2791 248 2853 Praeter
260 2789 324 2850 boo
334 2787 422 2868 quod
435 2785 514 2850 mibi
527 2787 568 2850 de
582 2787 643 2850 illis
656 2787 773 2850 dieitur

120 2900 216 2978 atque
228 2912 286 2975 per
299 2895 429 2958 eosdem
443 2895 529 2956 foras
543 2894 736 2957 extenditur.

121 3003 181 3084 lpsi
194 3002 235 3065 de
247 3000 348 3064 nihilo
361 3000 444 3064 inter
458 3017 492 3062 se
505 3005 708 3064 murmurant

121 3117 154 3176 et
165 3112 250 3177 siout
262 3109 399 3174 seminas
411 3110 606 3190 quandoque
618 3109 760 3189 litigant,

121 3221 244 3284 liabent
255 3218 316 3282 sub
326 3216 418 3280 labiis
431 3233 591 3280 venenum
604 3213 750 3294 aspidum
779 3205 782 3213 ’

37 3443 60 3500 tl
70 3447 106 3506 ss!
117 3463 130 3496 a
140 3451 196 3498 usus
204 3451 226 3496 ls
238 3461 281 3495 ms.
290 3448 383 3504 Patres,
396 3448 486 3506 suasae,
672 3459 745 3492 sempe
753 3451 810 3485 namn
819 3450 895 3494 fauor,

673 3503 746 3536 seraper
754 3498 773 3528 et
780 3495 882 3537 luxurlosl,

37 3530 57 3585 β)
99 3538 152 3572 lllror
159 3539 177 3572 sl
186 3541 225 3572 tsm
236 3538 328 3572 lussnsstl

99 3583 146 3622 sitis.
157 3584 188 3616 vel
196 3587 236 3616 tm
245 3581 339 3623 luuuntl,

101 3629 129 3660 vel
137 3627 225 3668 superbla
234 3627 304 3668 lullstl,
674 3638 732 3671 ‘rosus
741 3637 946 3679 mudusebborreres,

101 3670 345 3716 manendumne,
676 3681 912 3726 simenem-svium,

102 3729 339 3772 lesmonasterium
675 3729 694 3758 et
702 3735 726 3758 ne
736 3726 772 3759 tibi
780 3723 887 3760 subsereret

101 3775 120 3808 iss
127 3775 182 3808 altari
190 3773 237 3816 quta
246 3775 317 3816 sutis,

100 3821 211 3852 tlslvstorsn
220 3819 265 3852 dum
275 3819 358 3852 trsetstls

100 3863 319 3906 nlnolgnueelebrssls.
677 3869 730 3902 caru
740 3867 956 3910 tu‚qumtusmuru·

103 3924 148 3957 llssu
156 3927 305 3966 emstursynon
676 3916 718 3954 post
726 3912 832 3952 amplexum
840 3911 953 3954 momulus,

102 3969 174 4002 ⁸V⁰bl⁸
181 3970 225 4010 plus
233 3977 290 4009 (le
298 3925 411 4013 pistelmsdls,
675 3957 768 3998 potaberis
779 3956 803 3988 sb
814 3956 899 3990 In'uniois

100 4021 220 4054 uunquam
227 4014 356 4055 philosophus,
675 4001 748 4042 liquore
756 4001 850 4042 sulphuris
859 4003 878 4034 et
885 3999 940 4042 plels.

101 4057 391 4100 numerusnumerous.
673 4048 869 4114 Sernosesnulls'
881 4051 1017 4105 pereuntes,
1033 4053 1104 4095 elul

99 4120 174 4160 sum
182 4118 313 4163 nubebant,
710 4109 733 4148 et
746 4115 804 4148 suiv.
