2662 4968
461 467 625 524 -tot-

36 566 39 571 ’
77 603 275 652 conservans
287 587 419 652 viriliter
432 605 548 670 eorpus
561 591 795 680 incorruptum,

78 699 167 760 hune
177 697 272 776 plane
285 694 431 775 diligeret
446 696 596 760 dominus
608 699 771 764 virtutum.

78 821 140 883 Sed
151 838 219 884 non
232 820 336 900 placet
348 820 496 884 omnihus
509 817 589 886 haec
603 827 818 906 consuetudo,

79 927 154 1006 quia
167 928 273 1006 placet
285 926 420 1006 amplius
435 928 550 992 bursae
563 930 745 1014 plenitud03

79 1032 248 1096 universos
261 1031 360 1096 allicit
372 1031 455 1096 eutis
468 1034 666 1118 pulcritud03

80 1138 178 1201 hodie
190 1138 245 1202 vix
258 1138 396 1220 aliquem
409 1140 502 1204 decet
512 1142 704 1208 sanctitudo.

81 1263 138 1326 Ubi
152 1266 231 1326 sunt
244 1263 416 1327 Ecclesiam
428 1265 462 1327 in
475 1265 599 1330 Christo
612 1273 776 1351 regentes,

81 1369 136 1449 qui
150 1369 251 1433 velint
262 1368 400 1433 existere
412 1371 666 1453 benefacientem

81 1477 304 1556 exemplorum
315 1476 430 1541 levitae
442 1480 567 1540 tantum
581 1480 777 1560 relucenteS,

81 1585 119 1644 ut
131 1584 293 1645 laetentur
303 1583 421 1662 pariter
434 1586 467 1645 et
481 1585 625 1648 exultent
639 1589 771 1664 gentes?

81 1704 131 1767 Nil
141 1704 256 1770 volunt
268 1703 372 1767 solatii
385 1703 520 1768 subditis
533 1706 694 1788 conterre,

82 1816 134 1892 et,
150 1829 225 1874 cum
237 1811 335 1875 modo
351 1813 520 1875 conterant
532 1814 637 1876 totum
647 1813 803 1878 mundum
816 1831 967 1896 guerrae,

82 1919 201 1980 nolunt
213 1935 248 1981 se
259 1934 317 1997 pro
331 1915 403 1978 liliis
416 1918 511 1979 lsrael
525 1917 641 1980 offerre

82 2029 121 2086 ut
134 2024 168 2087 in
180 2041 260 2104 pace
272 2026 424 2086 maneant
435 2041 547 2086 omnes
560 2025 641 2087 fines
653 2028 765 2088 terrae.

82 2152 118 2209 ln
133 2147 289 2208 bellorum
301 2145 427 2209 turbine
439 2147 479 2208 de
495 2149 559 2208 Deo
573 2146 737 2227 diliidunt,

82 2256 145 2316 lios
156 2256 277 2316 norunt
288 2255 432 2316 metuere
443 2253 497 2332 qui
512 2254 650 2332 eor(p)us
662 2253 831 2334 occidunt,

82 2378 198 2424 omnes
209 2360 243 2422 in
256 2359 410 2440 pecuniae
422 2357 580 2421 thesauris
594 2358 777 2439 confidunt,

83 2443 209 2530 assides
222 2465 263 2545 (l)
276 2469 309 2528 et
319 2463 443 2528 validos
458 2461 575 2527 debiles
587 2462 719 2526 elidunt.

83 2595 108 2652 11
123 2589 202 2653 foris
218 2587 396 2668 suscipiunt
409 2587 531 2650 cultum
544 2587 735 2667 pastoralem
749 2613 758 2668 3

82 2713 250 2776 nunquam
263 2693 424 2774 degustati
438 2696 515 2756 sunt
527 2711 660 2757 coenam
673 2691 862 2773 spiritalem,

83 2819 152 2864 non
165 2801 320 2863 habentes
332 2799 418 2879 apud
428 2817 463 2862 se
476 2801 596 2864 vestem
609 2799 782 2880 nuptialem
797 2825 805 2879 3

86 2906 501 2988 agentesoperibuscuram
512 2907 769 2984 mercennalem(
790 2906 809 2976 l.

84 3031 139 3094 lsti
152 3034 226 3094 sunt
238 3047 319 3111 quos
331 3029 470 3092 tumidos
485 3028 581 3091 etlieit
592 3031 733 3108 potestas

83 3143 119 3201 et
130 3155 212 3218 quos
225 3154 392 3216 nunquam
405 3135 503 3198 allicit
512 3151 688 3214 pauperum
699 3137 824 3214 egestas
837 3160 844 3215 3

84 3247 146 3308 hos
159 3242 293 3307 districti
302 3241 420 3323 judicis
432 3240 589 3321 opprimet
603 3243 771 3320 majestaS,

85 3355 178 3432 cujus
192 3350 224 3412 in
238 3349 373 3413 circuitu
388 3347 492 3412 valida
508 3350 690 3426 tempestas.

85 3476 203 3536 Omnes
215 3470 366 3536 avaritiae
379 3473 496 3532 coeunt
509 3470 670 3532 caetatum
677 3469 718 3547 (3)
730 3515 737 3547 ,

85 3598 142 3644 ore
155 3581 293 3660 psalmos
304 3577 480 3656 ruminant,
495 3575 527 3638 in
542 3575 638 3639 corde
648 3578 824 3638 mercatum
836 3600 861 3653 3·

84 3702 210 3766 nonne,
227 3684 303 3746 dum
316 3700 381 3746 non
396 3681 540 3761 cogitant
551 3679 673 3744 Domini
687 3681 888 3761 mandatum⁷

85 3810 199 3856 eorum
212 3790 315 3855 oratio
329 3789 385 3852 fiet
396 3789 429 3851 in
440 3790 625 3868 peccatum?

17 3972 43 4025 ξι)
73 3971 137 4015 Ponr
159 3969 286 4020 widicau
311 3960 370 4012 cette
395 3967 534 4011 contractiori
595 3966 624 4021 (Ξ)
645 3964 801 4021 Meroenair03
822 3979 848 4011 ce
866 3973 913 4012 mot
931 3980 1029 4027 maeque
1045 3978 1105 4021 aurai

13 4039 44 4076 est
56 4044 99 4090 pas
112 4031 218 4089 ludiquee
231 4031 287 4077 deus
302 4029 323 4074 la
338 4027 438 4072 nouvelle
452 4027 534 4073 edition
569 4027 625 4070 dens
638 4027 658 4070 le
668 4027 698 4070 du
708 4026 782 4084 Gange
791 4028 858 4073 dell.
872 4030 992 4075 llenselrcl.

12 4094 152 4150 ‚ducange
595 4088 1107 4150 (zll’eutetreeommocoetoc,§ellatinum

570 4150 584 4193 11
597 4161 624 4194 ne
634 4160 659 4194 se
671 4154 749 4195 trouve
762 4151 817 4196 dens
827 4164 901 4198 aucun
910 4154 1025 4210 glossaire.

988 4217 1018 4273 ll
