2698 4970
668 469 810 524 ...gg-

181 611 280 678 Oculo
297 611 380 674 male
393 601 523 670 habenti
541 600 669 679 signum
686 592 868 658 salutiferae
888 587 992 652 crucis
1017 585 1185 666 imprimit,
1199 617 1240 628 -
1253 581 1295 643 si·

221 717 351 796 mulque
364 727 439 774 cum
452 706 588 770 sarritate
600 700 732 784 pristina
745 693 913 762 confestim
926 695 1035 755 lumen
1049 688 1165 752 reddit.
1335 687 1336 774 l

181 835 301 906 Regem
318 837 430 901 regum
450 811 637 894 magnificat
654 823 710 870 rex
728 805 849 882 laetus3
871 835 912 846 -
930 797 1051 861 laetitia
1073 796 1215 876 repletur
1235 809 1293 872 po-

244 931 326 992 ulus.
402 981 404 986 .

182 949 306 1115 lugenti
320 1030 443 1094 exultat
455 1022 572 1105 gaudio
584 1018 751 1082 universus
771 1013 921 1090 senatus3
941 1043 982 1054 --
999 1007 1151 1070 laudatur
1172 1003 1297 1067 leude-

222 1141 324 1220 ricus,
344 1135 399 1200 Dei
419 1147 540 1196 servus.
625 1196 628 1202 ,

181 1239 382 1306 Glorificatnr
394 1236 434 1296 ab
447 1230 595 1296 omnibus
608 1261 649 1270 —
661 1220 813 1286 mirabilis
824 1219 857 1280 iu
870 1215 995 1280 Sanctis
1009 1215 1075 1278 suis
1086 1217 1180 1276 Deus.

182 1346 342 1411 Convocat
363 1340 508 1422 princeps
530 1332 680 1414 primates
701 1324 824 1407 populi,
848 1357 888 1366 —
912 1337 1010 1400 seque
1036 1318 1140 1398 ipsum
1169 1312 1297 1377 accusat

222 1447 309 1529 quod
319 1450 387 1508 tam
398 1442 490 1504 tarde
504 1434 677 1517 inquireret
690 1432 786 1508 atque
799 1422 1001 1504 cognovisset
1014 1420 1118 1483 virum
1133 1417 1201 1480 Dei.

183 1541 431 1633 congratulatur
450 1557 578 1624 quoque
600 1537 640 1599 de
659 1529 880 1613 magnitudine
901 1524 1058 1599 miraculi,
1077 1557 1118 1568 -
1133 1521 1223 1602 quod
1236 1523 1298 1582 tam

225 1652 433 1750 citiussensit
443 1649 594 1713 virtutem
607 1637 801 1723 spiritualis
814 1631 1048 1698 medicamenti.

186 1771 232 1829 lta
250 1767 288 1827 ut
307 1757 425 1824 nullius
443 1749 599 1817 cicatricis
619 1741 768 1823 vestigia,
792 1738 910 1802 nullius
924 1735 1068 1816 caliginis
1081 1733 1236 1813 reliquiae
1252 1749 1301 1794 re-

98 1917 99 1926 η
225 1867 409 1944 manerent3
433 1895 474 1904 —
494 1857 551 1920 sed
571 1851 704 1917 clariore
726 1846 846 1910 lumine
865 1847 898 1907 et
919 1839 1149 1925 perspicaciore
1171 1839 1244 1902 visu
1266 1837 1302 1900 de

226 1975 338 2037 sanato
349 1971 416 2050 jam
428 1962 524 2027 oculo
536 1954 685 2021 luminosi
699 1951 779 2015 radii
797 1949 1001 2028 refulgerent.

185 2075 354 2152 Extsmltat
364 2066 467 2133 omnis
478 2066 567 2127 aetas
577 2077 633 2141 per
646 2059 750 2120 totmn
761 2052 932 2135 palatium,
949 2086 991 2096 -
1009 2067 1075 2112 una
1088 2065 1154 2112 vox
1167 2046 1303 2121 exls)ul-

225 2179 355 2245 tationis
377 2179 410 2238 et
431 2165 638 2237 confessionis
647 2165 745 2228 sonat
757 2179 814 2241 per
825 2157 1010 2221 universum
1023 2167 1304 2233 regnum7—-cum

225 2282 434 2360 leudericus,
459 2267 712 2348 servusChristi,
736 2301 777 2311 -
799 2259 1008 2327 leudericum
1028 2272 1137 2334 regem
1164 2251 1303 2316 reddidit
1335 2325 1336 2328 Ἴ

227 2388 367 2456 sanitati.

188 2505 246 2564 Per
259 2495 397 2559 multum
410 2492 535 2566 tempus
554 2475 712 2544 laboravit
728 2474 761 2536 iu
774 2487 893 2536 vanum
911 2464 1048 2530 invalida
1065 2480 1182 2526 manus
1206 2461 1306 2524 medi-

228 2616 356 2678 corum3
369 2631 411 2642 -
423 2593 484 2655 iste
502 2601 623 2668 pauper
636 2577 784 2645 clamavit
801 2594 860 2656 pro
872 2573 968 2636 divite
979 2575 1012 2633 ct
1031 2568 1186 2633 Dominus
1204 2585 1305 2630 exau-

229 2707 308 2773 divit
320 2719 404 2768 eum.

188 2814 282 2894 Quod
303 2806 445 2892 potentia
468 2819 535 2866 nou
557 2796 657 2862 valuit
682 2792 793 2857 divitis
806 2788 940 2868 excelsi,
963 2821 1004 2830 —-
1027 2785 1089 2846 hoc
1109 2781 1197 2863 apud
1210 2786 1305 2844 Deum

230 2919 330 2987 valuit
343 2913 445 2980 oratio
456 2907 584 2974 humilis
594 2902 684 2986 justi.

193 3035 218 3095 0
231 3021 360 3110 quantis
373 3017 549 3084 honoribus
562 3029 620 3074 rex
633 3006 818 3072 sublimaret
832 3039 872 3050 —
885 3001 939 3066 Dei
953 3016 1098 3078 servum,
1114 2997 1140 3058 si
1156 2993 1270 3058 vellet!

191 3130 325 3210 Quantis
337 3121 524 3190 muneribus
538 3117 691 3196 replereta
704 3147 744 3156 -
762 3110 788 3173 si
803 3104 950 3188 cuperet!

192 3238 325 3320 Quantis
343 3227 551 3314 dignitatibus
565 3219 801 3296 remuneraret,
812 3250 853 3260 -
864 3213 890 3275 si
902 3209 1039 3275 sineret!

193 3346 276 3423 Quid
289 3340 374 3406 enim
386 3335 481 3399 oculo
495 3328 621 3393 carius?
635 3319 770 3395 -Quid
782 3318 884 3380 salute
895 3313 1024 3377 utilius?
1048 3327 1052 3344 ·

193 3451 276 3530 Quid
285 3447 351 3512 vita
363 3434 540 3520 comparari
554 3431 660 3513 potest
669 3421 839 3506 pretiosius
850 3467 858 3500 ,
871 3419 970 3483 -vel
982 3413 1061 3495 quid
1073 3411 1185 3474 haberi
1195 3410 1312 3492 pulcri-

237 3552 349 3618 tudine
362 3540 562 3610 desideratur
575 3531 718 3596 avidius?

195 3654 353 3739 Numquid
367 3649 452 3714 enim
464 3660 531 3706 uon
542 3637 682 3701 dedisset
692 3648 750 3712 pro
762 3628 828 3693 vita
839 3645 898 3690 sua
911 3625 1001 3706 regni
1011 3623 1191 3702 dimidium,
1200 3620 1319 3701 -quis

237 3764 264 3828 si
281 3755 463 3830 moriretur,
477 3742 665 3827 perdidisset
678 3737 801 3798 totum?
1335 3789 1336 3800 2

198 3834 1312 3938 Sedhumanaelaudis—etmuudauaeretrihutionis*contemptor
1335 3893 1336 3922 ¹

241 3974 339 4060 gratis
353 3971 429 4033 dare
440 3950 703 4032 maluit-quod
718 3946 815 4029 gratis
828 3943 959 4024 accepit.
1335 3931 1336 3960 l

201 4091 301 4166 Atque
314 4078 373 4159 vir,
389 4083 526 4150 magnae
539 4055 726 4126 humilitatis
748 4052 927 4130 studiosnS,
947 4083 988 4094 -
1001 4065 1075 4110 cum
1094 4049 1165 4128 plus
1184 4047 1315 4110 curabat

240 4208 280 4252 ne
291 4182 375 4263 regis
388 4176 472 4240 esset
483 4168 654 4242 nniuocus7
668 4196 709 4205 -
722 4158 766 4220 ait
777 4156 817 4218 ad
832 4170 906 4216 enm
918 4151 1045 4214 dicens:
