2672 4968
515 447 677 504 -271-

334 577 367 636 et
379 571 538 653 nequitiae
551 568 721 636 vindicem,

334 681 389 762 qui
402 679 506 760 impiis
518 677 633 741 reddat
645 673 757 738 vicem.

332 815 426 878 Venit
438 814 538 894 igitur
551 810 703 876 Franciae

333 940 410 1003 rex,
425 921 611 1002 provisurus
624 915 761 1000 patriae,

330 1028 477 1094 inimicus
490 1025 667 1110 nequitiae,

333 1141 366 1200 et
376 1137 497 1202 auricus
505 1135 658 1220 justitiae.

333 1271 395 1334 lnit
408 1271 529 1350 grande
543 1270 710 1334 consilium

309 1427 311 1430 .
333 1377 468 1458 qualiter
481 1394 597 1458 agmen
609 1374 741 1458 impium

333 1485 461 1566 puniat,
477 1484 565 1566 quod
579 1483 744 1548 dissidium

333 1591 408 1654 iecit
420 1609 477 1671 per
491 1590 707 1656 homicidium.

315 1713 320 1722 ’
332 1729 411 1790 Cum
423 1725 616 1808 principibus
628 1726 787 1808 loquitur,

311 1889 313 1894 .
333 1833 373 1896 de
387 1833 533 1896 nefandis
546 1833 768 1914 conqueritur,

291 1991 294 2002 .
332 1940 499 2003 consilium
512 1940 702 2019 revolvitur,

332 2063 447 2110 sanum
459 2048 590 2110 tandem
603 2047 796 2128 suggeritur.

332 2181 506 2245 Hortantur
519 2186 660 2245 ruentem
677 2180 818 2261 regiam,

332 2292 369 2351 ut
382 2293 523 2352 transeat
532 2289 566 2352 in
579 2288 777 2366 Fiandriam,

331 2396 481 2475 punitura
495 2396 649 2460 nefariam

332 2502 544 2566 nefandorum
557 2503 742 2584 nequitiam.

330 2640 399 2699 Rex
413 2637 513 2698 fretus
527 2636 590 2699 hoo
604 2635 739 2700 consilio

332 2741 405 2806 illue
418 2745 452 2805 et
464 2761 538 2806 oum
550 2744 706 2808 eorsortio
722 2745 757 2824 (1..
774 2743 964 2826 consortio),

330 2850 389 2912 hos
403 2849 537 2913 daturus
549 2849 647 2913 exitio
783 2850 789 2857 ”

330 2973 427 3036 opere
439 2974 497 3036 pro
511 2957 644 3020 notario.
660 2934 664 2952 ’

331 3095 397 3153 Hoc
409 3089 575 3152 audientes
589 3089 678 3152 noxii

331 3195 507 3277 iniquitatis
520 3195 591 3276 filii,

330 3308 490 3385 quaerunt
499 3305 607 3366 locum
618 3302 748 3383 refugii,

331 3411 395 3475 vim
408 3410 556 3474 timentes
570 3409 703 3490 imperii.

330 3547 454 3607 intrant
463 3541 816 3625 castrumtutissimum,

330 3651 373 3714 ad
384 3652 568 3715 bellandum
582 3649 795 3731 aptissimum,

330 3776 387 3822 eor
399 3759 554 3822 hahentes
565 3756 836 3838 promptissimum

331 3868 413 3931 tueri
426 3869 517 3931 nefas
528 3867 710 3947 pessimum.

329 4003 390 4067 Sed
404 4008 491 4065 isaac
505 4003 686 4086 subtractus
700 4003 763 4080 est,

329 4117 506 4178 monachus
518 4113 685 4176 simulatus
696 4115 762 4182 est,
