2666 4970
669 419 864 488 fone*-

155 609 157 614 .
222 543 362 610 Albanus
383 541 466 608 dist:
486 568 500 602 κ
514 547 582 620 Que
606 542 756 623 ferai-je,
784 543 983 622 Veronique?
1002 545 1210 627 »veronique
1230 547 1255 610 li
1280 563 1329 658 rep

221 653 320 732 pondi
334 680 341 714 ι
358 656 441 715 «Jou
454 651 511 714 irai
522 669 620 714 avoeo
631 651 667 732 ti,
680 649 707 714 si
720 654 756 714 tu
767 653 845 734 veis,
858 654 890 714 et
903 650 1041 730 porterai
1056 652 1103 716 vir
1112 652 1182 730 (sie)
1192 671 1211 716 a
1222 654 1329 720 eesair

221 759 368 839 l’ymage.
384 779 399 814 η
414 758 553 820 Albanus
568 758 625 820 out
646 757 726 820 molt
749 759 843 836 grant
861 755 927 836 joie
947 759 1027 836 qant
1046 757 1069 820 il
1090 758 1121 821 oi
1142 760 1242 841 ohou,
1264 763 1329 836 ete

220 864 313 928 rendi
328 881 454 945 grasees
468 881 487 925 a
501 863 689 942 Veron(ik]e.
716 865 754 926 Et
776 862 927 943 apparilla
951 881 1001 926 ses
1022 881 1091 946 nes,
1114 868 1148 928 et
1168 883 1269 946 passa
1285 841 1329 930 mi

222 973 315 1034 atout
324 970 360 1052 li,
375 972 408 1031 et
419 968 546 1034 vinrent
559 983 600 1030 en
611 968 641 1028 le
653 965 715 1029 eite
728 965 769 1028 de
782 971 914 1036 Romrne
928 985 985 1046 par
1000 969 1216 1052 unevespree,
1232 971 1263 1034 si
1279 949 1329 1036 eoi

222 1087 301 1152 gens
314 1088 349 1136 se
362 1071 549 1151 hebergent,
560 1073 592 1132 et
603 1067 708 1132 disent
719 1067 772 1130 k'il
786 1067 1007 1132 atenderoient
1022 1071 1160 1152 dusques
1174 1091 1217 1134 au
1230 1072 1316 1134 mati

220 1179 420 1244 ets'asisent
444 1197 486 1240 au
508 1194 636 1258 souper,
660 1179 692 1238 et
709 1175 780 1256 puis
802 1177 924 1239 alerent
949 1177 1110 1240 eouohier.
1140 1181 1289 1243 Albanus
1311 1199 1329 1246 a

219 1286 321 1349 motin
331 1285 759 1366 laissaVeroniqueal’ostel,
770 1288 803 1348 et
814 1285 883 1349 vint
893 1304 935 1348 au
946 1285 983 1348 lit
993 1286 1130 1370 Cesaire,
1141 1287 1329 1351 etlinoneh

219 1409 274 1456 effi
287 1394 418 1475 choses,
442 1397 475 1456 et
496 1393 636 1458 Cesaires
649 1393 680 1456 ki
695 1395 774 1456 molt
787 1393 883 1458 estoit
902 1393 1090 1474 angoisseus
1104 1395 1144 1456 de
1157 1412 1192 1458 sa
1207 1397 1298 1457 mala

219 1500 250 1562 le
270 1500 360 1565 salua
371 1501 443 1562 tout
453 1499 623 1580 premiere,
645 1517 700 1562 ear
715 1498 737 1562 il
752 1499 875 1562 cuidoit
887 1499 941 1562 k'il
954 1505 1099 1566 amenast
1111 1502 1264 1581 Jhesum,
1282 1504 1329 1564 et

220 1603 275 1667 fist
286 1605 380 1682 grant
389 1602 465 1683 joie.
479 1603 587 1666 Adont
599 1602 621 1664 li
634 1605 768 1666 raconta
782 1604 922 1666 Albanus
936 1605 1008 1666 tout
1020 1603 1089 1667 ensi
1103 1603 1157 1667 k’il
1171 1603 1262 1668 avoit
1277 1622 1315 1666 er

220 1712 254 1772 et
276 1709 358 1771 dist:
372 1732 388 1768 η
413 1709 522 1772 Chelui
544 1710 673 1771 ihesum
694 1727 756 1790 que
780 1712 816 1772 tu
836 1709 989 1778 desiroies
1012 1729 1030 1772 a
1054 1710 1143 1776 avoir
1164 1715 1237 1790 (por
1245 1715 1272 1788 Ρ)
1294 1621 1329 1774 tr]

219 1831 329 1896 myro,
350 1814 478 1876 homme
494 1832 556 1893 que
576 1818 643 1876 Dex
665 1814 783 1896 amoit,
803 1832 864 1894 pur
883 1819 916 1880 et
936 1815 1106 1900 innocent,
1128 1819 1255 1898 Pylntes
1276 1813 1329 1886 eti

221 1917 298 1980 run
316 1919 346 1980 le
360 1917 518 1981 trahirent
530 1935 587 1997 par
600 1917 703 1999 envie,
723 1921 757 1980 et
774 1921 803 1980 le
818 1921 1049 1999 tormenterent
1061 1922 1251 2002 malement,
1266 1925 1303 1984 et

218 2023 388 2106 pendirent
397 2041 438 2087 en
452 2024 482 2085 le
496 2023 595 2104 crois,
615 2023 683 2085 etii
699 2025 853 2089 metoient
871 2043 926 2088 sus
939 2026 993 2087 k’il
1008 2027 1103 2088 estoit
1116 2028 1329 2090 enehanteres

216 2133 252 2194 et
261 2131 292 2192 le
305 2129 486 2195 nainkirent
496 2148 554 2210 per
566 2132 637 2198 iaus
650 2130 824 2195 tiesrnoins.
842 2151 858 2189 η
874 2135 1024 2213 Cesayres
1035 2133 1116 2195 dist:
1130 2156 1147 2191 η
1162 2136 1231 2207 Que
1244 2131 1329 2248 ferai,

215 2243 252 2321 je
266 2240 369 2302 donet
382 2243 417 2302 Je
429 2257 470 2303 ne
481 2238 563 2304 serai
574 2238 690 2318 jamnis
705 2237 801 2318 garis.
818 2259 833 2295 n
850 2241 991 2302 Albanus
1010 2239 1094 2302 dist:
1112 2263 1128 2298 η
1143 2239 1173 2304 Si
1187 2257 1295 2319 seres,
1311 2258 1329 2350 o,

218 2346 279 2410 oin
307 2346 443 2427 plaist.»
467 2347 617 2424 eesayres
650 2343 733 2409 dist:
760 2366 776 2401 η
797 2347 832 2406 Je
854 2343 972 2406 sueffre
1000 2349 1072 2424 trop
1100 2344 1140 2406 de
1163 2343 1329 2409 doloursff

217 2453 358 2516 Albanos
375 2451 396 2514 li
414 2452 497 2520 dist:
517 2474 532 2510 η
548 2453 615 2514 Une
636 2451 752 2514 femme
765 2450 845 2510 molt
857 2448 1010 2530 veillanS,
1029 2448 1208 2528 Veroniqne
1223 2467 1243 2512 a
1257 2467 1329 2558 non,

213 2561 250 2620 et
258 2557 379 2621 kirnolt
391 2557 448 2620 fait
457 2577 475 2619 a
483 2559 634 2637 honorer,
648 2559 680 2618 et
687 2555 718 2624 ki
731 2556 766 2622 tu
775 2554 897 2616 aneiele
908 2573 927 2615 a
938 2554 1043 2618 ehelui
1053 2555 1162 2636 Jhesu,
1174 2558 1224 2616 est
1236 2573 1329 2664 venup

212 2683 316 2728 ovoeo
336 2664 390 2726 nri·
404 2682 462 2744 per
489 2681 573 2745 mer,
596 2681 656 2742 por
683 2662 706 2726 ti
731 2665 858 2750 aporter
886 2664 996 2744 sante,
1018 2664 1087 2724 eta
1109 2680 1154 2725 un
1175 2664 1258 2726 molt
1279 2663 1329 2768 bin

211 2768 352 2849 iinouet,
384 2771 588 2848 proprement
615 2769 646 2829 la
670 2768 890 2843 santbilanehe
914 2770 948 2830 et
972 2769 1109 2850 l'ymage
1147 2769 1212 2837 dou
1240 2769 1329 2878 viairp

214 2873 318 2936 ohel-ui
342 2873 456 2952 Jhesu,
491 2874 523 2932 et
553 2871 583 2932 le
615 2871 846 2951 t'aporte[rent]
875 2889 893 2934 a
918 2871 1092 2951 regarder=
1109 2873 1213 2953 lequel
1239 2891 1277 2935 se
1305 2876 1329 2976 tp

212 2953 364 3056 'regardes
378 2976 598 3057 devotement,
620 2979 656 3037 tu
670 2993 757 3038 seras
776 2975 975 3040 maintenant
993 2980 1067 3040 tous
1081 2977 1177 3040 seins.
1194 2999 1210 3034 η
1226 2979 1329 3080 Adonp

94 3074 97 3079 ’
207 3087 392 3152 θοηῐηηηᾱη
403 3085 543 3150 Cesaires
556 3089 685 3165 aporter
697 3087 834 3168 l’ymage
849 3089 958 3150 nostre
969 3085 1135 3168 seigneur,
1154 3090 1188 3151 et
1207 3088 1263 3152 nst
1284 3101 1329 3188 esp

211 3193 333 3272 pondre
349 3189 450 3272 parmi
473 3192 503 3253 le
520 3189 592 3254 roie
610 3189 776 3268 ma(n)tiax
796 3191 836 3254 de
857 3208 994 3272 porpre,
1017 3195 1050 3253 et
1070 3193 1139 3254 lues
1163 3194 1216 3256 k’il
1239 3194 1288 3258 vit
1307 3195 1329 3284 lq

155 3368 157 3375 Α
206 3293 314 3357 ⁴sainte
333 3311 449 3376 ymage
462 3293 484 3354 il
503 3293 538 3353 tu
555 3290 758 3357 -maintenant
781 3292 832 3353 tos
855 3290 951 3353 seins.
977 3293 1015 3354 Et
1036 3292 1215 3374 Veronique
1238 3287 1329 3372 benei

208 3400 318 3460 nostre
331 3396 485 3477 seigneur
497 3395 537 3458 de
550 3412 601 3458 ses
615 3396 708 3476 donS,
724 3396 756 3458 et
767 3394 796 3456 le
810 3397 855 3471 [et
868 3395 910 3473 le]
925 3397 1026 3459 clama
1042 3397 1128 3459 saint
1140 3416 1183 3462 en
1194 3402 1270 3462 tous
1281 3417 1329 3476 sen

208 3521 310 3568 erres.
321 3504 360 3566 Et
372 3501 452 3565 ioele
462 3499 641 3576 Veron(ik)e
653 3503 688 3563 fu
702 3499 849 3572 remenee
860 3519 900 3564 en
913 3519 971 3564 sen
980 3503 1048 3582 pais
1058 3522 1076 3566 a
1086 3507 1183 3584 grant
1191 3507 1329 3596 honour,

186 3641 192 3662 .
205 3609 246 3669 Et
259 3607 294 3668 fu
307 3604 372 3685 pris
385 3605 510 3685 Pylates
521 3607 554 3666 et
566 3603 725 3668 amenesa
739 3609 882 3686 Romme,
895 3609 929 3668 et
940 3607 970 3678 Ιθ
983 3607 1163 3670 conmanda
1177 3613 1329 3690 Cesayreeg

205 3714 308 3774 metre
321 3727 362 3772 en
375 3708 466 3771 buies
479 3711 512 3771 et
522 3727 563 3771 en
572 3709 665 3789 fiers,
680 3710 713 3770 et
723 3711 805 3788 ieter
820 3727 860 3772 en
873 3709 1001 3791 prison,
1016 3711 1155 3792 dusques
1170 3716 1239 3776 cele
1252 3691 1329 3780 eurei

202 3830 269 3892 que
283 3813 431 3882 sentense
446 3811 511 3874 fust
524 3812 646 3874 rendue
667 3811 706 3874 de
724 3812 798 3891 quel
818 3815 902 3875 mort
917 3812 938 3874 il
951 3814 1095 3878 morroit.
1118 3820 1157 3878 Et
1177 3795 1329 3882 §assam-¹

203 3914 329 3978 blerent
348 3917 419 3978 tout
431 3913 452 3975 li
466 3912 598 3993 prinehe
618 3913 658 3976 de
678 3915 707 3975 le
726 3913 788 3976 cite
806 3917 839 3975 et
857 3917 931 3982 tous
950 3915 971 3976 li
989 3918 1131 3998 peuples,
1148 3922 1182 3980 et
1192 3897 1329 3986 eston-³
