2684 4970
446 431 610 488 -331-

72 548 159 630 Exit,
175 552 211 612 ut
224 553 272 612 est
283 554 426 634 gratum,
437 556 530 634 juxta
541 556 659 617 llumen
672 557 858 637 spatiatum,

70 655 177 718 Cernit
187 661 219 720 ct
230 657 385 722 infantem
397 661 493 724 maris
504 661 538 724 in
552 660 620 724 rivo
632 661 820 726 fluitantem.

73 762 257 826 lucorum
267 783 400 845 propere
413 766 561 850 comites,
576 767 730 848 libuitque
740 767 847 832 videre

69 868 201 932 Infantis
215 871 340 936 vultum
352 873 516 952 phoebaeo
529 873 649 937 lumine
659 873 792 936 cultum.

68 977 133 1040 Sub
144 976 248 1056 specie
259 979 390 1058 pulchra
402 980 519 1044 retinet
530 983 618 1044 lraus
630 997 726 1060 saepe
737 980 903 1060 sepulchra
915 1005 924 1040 ε

70 1088 184 1148 Forma
197 1088 264 1150 tam
275 1088 397 1150 clarum
407 1088 485 1152 dum
497 1089 599 1152 comit
612 1087 771 1170 quaelibet
783 1089 919 1165 harum,
1037 1111 1041 1124 ’

68 1189 165 1272 Dicit,
178 1190 211 1253 in
225 1193 286 1256 hoc
299 1194 412 1274 pelago
424 1194 540 1275 regalis
554 1196 655 1257 lertur
670 1194 787 1273 imago.

69 1299 293 1360 Praesentatur
303 1299 416 1381 herae,
428 1303 611 1380 praesentes
624 1315 805 1362 asserruere
819 1327 826 1361 ι

70 1425 87 1460 a
103 1403 177 1483 llic,
191 1404 302 1484 paucis
316 1405 418 1487 horiS,
430 1407 606 1487 peregrinis
619 1406 712 1470 lluxit
726 1408 766 1469 ab
779 1407 843 1468 oris

69 1510 118 1572 Ad
128 1514 259 1574 nostros
269 1529 397 1594 passus,
412 1514 504 1576 nobis
517 1515 579 1577 hoc
591 1515 698 1578 littore
711 1525 833 1594 passus.
851 1536 868 1570 n

110 1621 199 1681 Tunc
210 1618 320 1699 regina
330 1619 414 1700 potis
425 1620 504 1684 lusis
514 1637 572 1701 per
583 1621 705 1686 viscera
715 1621 798 1686 votis

70 1729 198 1787 Pannos
211 1729 389 1807 scrutatur,
403 1726 492 1807 parvi
503 1731 576 1807 post
587 1745 625 1793 os
638 1727 842 1808 speculatur,

70 1835 150 1894 Cum
164 1833 375 1914 perspexisset
385 1837 418 1896 et
429 1833 458 1897 ei
470 1837 557 1898 totus
570 1834 758 1916 placuisset,

70 1937 182 1999 Intulit
194 1965 202 2000 ι
215 1961 231 1998 «
246 1938 287 2001 0!
302 1940 357 2002 tali
366 1941 434 2019 jam
447 1943 628 2021 perfruerer
640 1940 775 2022 geniali,

70 2043 131 2119 Qui
144 2062 245 2126 regno
257 2051 357 2110 staret
370 2053 402 2112 et
414 2051 488 2130 post
499 2065 559 2112 nos
573 2048 785 2130 imperitaret!
804 2070 819 2105 n

70 2151 152 2215 llinc
165 2154 294 2216 suadela
307 2155 420 2238 datur,
435 2155 609 2220 inventitus
621 2157 710 2236 quod
724 2157 843 2235 alatur,

71 2257 103 2322 Si
117 2263 246 2324 maneat
257 2261 372 2324 sterilis
383 2262 510 2343 regina,
522 2263 610 2342 quod
624 2263 676 2325 hio
687 2263 729 2324 sit
742 2263 866 2342 herilis,

71 2369 147 2426 lure
159 2366 270 2430 fovens
283 2383 448 2447 proceres,
463 2367 553 2446 regni
567 2383 733 2430 successor
745 2369 911 2429 ethaeros.

114 2474 187 2534 llos
205 2473 284 2534 hera
297 2471 518 2554 prosequitur,
534 2473 638 2552 proles
652 2471 780 2534 inventa
795 2470 954 2550 nutritur3
974 2451 976 2459 ¹

73 2578 176 2639 fertur
189 2582 222 2640 et
234 2595 381 2660 expresso
393 2579 522 2659 reginae
536 2577 621 2642 filius
632 2593 722 2659 esso,

72 2684 108 2746 ld
122 2687 343 2765 promulgatur
352 2703 409 2766 per
420 2689 540 2767 metas,
555 2690 592 2749 ut
603 2686 777 2767 gradiatur.

72 2792 165 2854 Plebs
179 2794 212 2853 et
222 2791 371 2871 primates
383 2794 554 2874 laetantur,
571 2796 733 2874 ovantque
745 2795 887 2873 penates.

72 2901 195 2960 Rumor
207 2899 244 2959 ut
255 2899 317 2961 hoc
328 2897 434 2979 vexit,
449 2899 607 2964 revolutio
620 2899 771 2980 ternporis
783 2900 866 2980 exit,

73 3004 114 3063 Et
125 3018 216 3064 mora
230 3006 391 3085 curtatur,
406 3005 517 3084 regina
531 3005 647 3068 dehinc
661 3005 862 3086 gravidatur,

72 3112 168 3172 Certa
187 3109 254 3172 dies
266 3112 425 3192 sequitur,
440 3112 594 3191 alvusque
606 3115 733 3174 tumens
747 3111 887 3192 aperitur

73 3220 114 3280 Et
128 3215 233 3280 fundit
246 3221 374 3298 partum
387 3218 486 3300 regali
497 3217 617 3282 semine
629 3220 767 3298 partum.

73 3326 216 3388 Infantes
227 3325 293 3388 aliti
309 3330 386 3388 sunt
399 3327 494 3389 ambo
508 3323 617 3389 fomite
630 3323 700 3386 miti

73 3434 116 3494 Et
128 3430 220 3510 parili
234 3448 329 3512 cura,
344 3431 487 3512 quamvis
503 3431 608 3512 dispar
622 3428 779 3510 genitura.

73 3535 197 3600 Aetatis
211 3539 339 3600 tenerae
354 3541 430 3601 tunc
443 3537 536 3600 ludos
546 3551 771 3618 composuere,

72 3643 176 3708 ludas
189 3661 323 3726 exosus,
338 3661 438 3724 puero
449 3660 530 3724 puer
543 3644 757 3725 impetuosus,

75 3747 224 3813 Concitet
236 3749 387 3830 indignus
401 3751 442 3812 ad
456 3751 566 3812 lictum
579 3750 686 3814 nobile
699 3749 833 3831 pignus,

75 3853 214 3936 Obliquo
226 3873 334 3939 more,
348 3859 553 3920 vehementer
567 3859 598 3920 et
612 3859 730 3938 absque
744 3857 868 3920 timore.

75 3963 198 4024 Thema
211 3965 392 4026 futurorum
406 3964 468 4027 fuit
480 3966 542 4028 hoc
556 3966 651 4028 fatale
664 3966 838 4046 malorum,

77 4075 236 4150 Ignavum
249 4069 317 4134 miti
331 4071 499 4149 prohibent
513 4069 677 4149 geminare
690 4070 798 4150 periti,
