2684 4970
675 413 785 468 -326
807 439 835 452 -

497 681 627 763 legende
640 683 676 744 de
689 683 786 744 ludas
799 681 946 744 iscariote
960 679 1010 762 (l).

296 895 383 958 Dicta
398 898 521 960 vetusta
536 900 662 978 patrum
673 899 741 977 jam
755 896 923 959 deseruere
937 896 1099 958 theatrum

296 1005 335 1065 Et
347 1020 430 1067 nova
444 1002 639 1084 succedunt,
653 1021 736 1083 quac
747 1003 850 1083 prisca
863 1005 1012 1083 poemata
1025 1002 1159 1065 laedunt
1172 1031 1179 1064 ι

226 1239 257 1296 (ι)
270 1239 362 1285 Publice
377 1252 418 1297 par
429 1241 461 1286 ll.
472 1240 551 1293 Mene,
565 1240 682 1296 Auzeiger
695 1239 739 1296 [tir
772 1239 839 1296 igitur
848 1238 919 1283 insula
928 1238 999 1284 ludas
1008 1235 1128 1282 Scarioler
1138 1238 1265 1295 appellatus
1273 1245 1309 1284 est

200 1301 286 1348 [esde
315 1300 359 1346 der
391 1300 504 1346 tenaciori
536 1300 643 1356 vorzeit,
671 1297 736 1355 ¹838,
773 1301 859 1357 aegina
876 1297 1024 1346 antomidus
1044 1299 1086 1342 ioci
1102 1297 1309 1343 cnrcnsliberisad

198 1363 241 1410 cul.
259 1368 306 1409 sss.
320 1363 352 1408 ba
369 1363 426 1410 fimo
444 1369 507 1420 porte
523 1368 686 1408 consumment
699 1375 738 1409 sur
773 1364 834 1410 littus
855 1362 925 1408 maris
946 1373 1015 1408 eausa
1035 1361 1144 1418 spatiandi
1166 1361 1274 1417 precessit
1291 1367 1309 1404 et

198 1424 258 1469 deur
272 1423 381 1481 syllabus,
393 1429 415 1470 et
426 1423 469 1469 l'on
479 1426 595 1469 reconnalt
606 1435 658 1470 sans
673 1423 737 1480 peine
772 1424 878 1470 liscellarn
888 1436 902 1468 c
912 1424 1004 1468 marinis
1018 1423 1123 1468 fluctibus
1133 1421 1218 1478 jactari
1230 1423 1310 1476 videns,

198 1486 297 1532 d'autres
310 1486 444 1534 recherches
461 1485 639 1542 deterruerant,
653 1487 737 1543 maigre
772 1488 843 1544 iusum
865 1485 947 1544 aperiri
964 1484 1091 1542 praecepit:
1111 1483 1272 1540 inveniensque
1285 1481 1310 1526 ibi

198 1547 219 1592 le
228 1557 279 1593 vers
292 1559 336 1605 que
344 1559 401 1592 nous
412 1549 491 1593 citieus
503 1547 693 1600 tout-i-l’bcure,
709 1561 737 1594 ue
772 1560 867 1606 puerum
882 1546 988 1603 elegantis
1012 1544 1109 1598 tunsae,
1132 1543 1247 1602 suspirans
1265 1545 1310 1588 ait:

197 1610 738 1668 cerneumtprrdereguuercepoenceomne
773 1610 823 1656 Osi
834 1609 918 1654 winilis
937 1613 1012 1653 tenue
1027 1607 1159 1652 sublevarer
1180 1607 1274 1660 mbclis,
1286 1617 1311 1650 ne

197 1672 738 1730 appartenentiiapoesieponuialroproprenrent
773 1672 835 1728 regni
858 1671 901 1716 mei
925 1669 1026 1726 privarer
1046 1669 1192 1714 successore!
1218 1669 1311 1712 Puerum

198 1731 738 1792 ditermaisl’auteurs'estbornetexprimerde
773 1731 841 1788 igitur
854 1735 941 1777 secreto
957 1731 1038 1774 nutn'ri
1056 1729 1110 1774 lecit
1123 1734 1146 1774 et
1163 1741 1188 1774 se
1202 1729 1311 1785 naviuin

198 1806 239 1840 sou
253 1795 328 1840 mieux
339 1807 384 1841 nuc
394 1796 497 1842 tradition
506 1797 558 1853 qu’ll
570 1797 681 1854 ecceptait
689 1801 739 1842 tout
773 1794 900 1848 simularit3
912 1793 1003 1838 taudem
1012 1804 1036 1838 re
1048 1791 1118 1836 lilium
1127 1792 1241 1848 peperisse
1253 1801 1312 1834 men-

199 1855 283 1902 entiere
295 1861 317 1901 et
327 1857 475 1913 reproduisalt
490 1869 543 1902 sans
555 1859 577 1902 is
589 1857 689 1904 nicindre
699 1861 738 1903 in·
775 1856 829 1901 titur
842 1861 865 1901 et
879 1869 918 1912 per
933 1861 1003 1900 totunr
1015 1865 1108 1908 regnum
1121 1851 1183 1897 lanu
1193 1854 1250 1898 baec
1262 1853 1314 1897 celc-

197 1917 739 1966 novatonsilidloncarnuoedatuneren-
773 1919 820 1964 bris
845 1918 981 1974 divulgatur.
1012 1916 1121 1972 Princeps
1143 1925 1187 1970 pro
1213 1921 1313 1970 suscepia

198 1979 269 2024 trtion
293 1979 345 2023 bien
367 1992 498 2033 commune,
512 1993 541 2024 en
555 1979 684 2026 vieiilissant
698 1995 738 2027 son
774 1980 849 2026 sobole
878 1980 1021 2024 veliementer
1045 1978 1155 2028 exsultat,
1186 1981 1209 2020 et
1235 1976 1313 2030 ingenti

198 2041 322 2087 manuscrit
333 2041 360 2086 tle
372 2041 480 2098 quelques
492 2043 589 2098 acures,
605 2055 662 2088 nous
676 2046 738 2090 croi-
773 2043 854 2100 gaudio
864 2041 926 2100 plebs
937 2040 1042 2085 lactatur.
1058 2039 1136 2095 ipsum
1148 2038 1218 2094 igitur
1230 2051 1313 2082 secun-

197 2103 259 2147 ricns
280 2106 352 2146 nieme
376 2115 421 2158 qne
444 2115 471 2149 ce
497 2104 552 2162 petit
577 2109 655 2160 pwnre
682 2106 739 2152 n’est
773 2105 826 2148 dum
840 2101 1029 2159 magnificentiam
1042 2101 1129 2157 regiam
1145 2100 1238 2145 educari
1251 2100 1315 2154 lectu

198 2163 282 2220 qu’uue
295 2164 430 2210 elaboration
448 2165 478 2210 du
493 2166 549 2210 reicit
567 2166 595 2212 de
611 2166 710 2212 lacobus
723 2179 737 2212 a
773 2177 818 2210 non
831 2173 881 2222 nost
894 2166 988 2210 multum
1007 2175 1062 2208 vero
1079 2163 1187 2218 temporis
1200 2162 1278 2218 regina
1291 2161 1315 2204 ia

196 2225 317 2281 voragine.
339 2225 387 2270 lion
405 2227 528 2272 seulement
546 2233 619 2272 tontes
637 2229 669 2274 les
689 2229 738 2273 cir-
773 2239 826 2284 rcge
838 2227 952 2283 concepit.
966 2232 991 2271 ct
1006 2237 1047 2270 suo
1061 2230 1161 2280 temporo
1179 2221 1250 2268 filiurn
1262 2235 1316 2279 urr-

198 2293 330 2332 coustnuces
354 2293 405 2332 sont
427 2289 561 2344 ldenliques,
590 2290 647 2333 nrais
672 2302 700 2334 on
723 2303 738 2346 y
773 2289 859 2334 turivit.
870 2288 926 2333 Gurn
938 2293 1014 2332 autern
1024 2287 1087 2344 pueri
1097 2285 1263 2341 aliquantulum
1271 2287 1316 2340 jan

197 2355 302 2394 retroure
316 2346 439 2406 &galement
455 2351 494 2395 des
508 2350 589 2396 lcrmes
603 2351 702 2396 iusnlites
716 2358 739 2396 et
774 2351 908 2404 crevissent,
923 2351 950 2394 ad
961 2349 1058 2394 inuicem
1067 2348 1158 2404 saepius
1170 2347 1315 2400 colludebant,

197 2409 238 2456 des
255 2415 314 2456 mets
336 2411 454 2458 detournes
473 2411 502 2458 de
521 2413 569 2457 leur
592 2411 738 2470 signification
773 2419 795 2458 et
809 2424 904 2470 puerum
917 2412 1003 2468 regium
1015 2410 1086 2455 ludas
1100 2409 1186 2454 crebris
1200 2409 1316 2460 molestiis,

197 2472 325 2518 babituelle.
340 2473 403 2519 Volci
416 2473 438 2520 la
452 2475 540 2521 version
556 2475 586 2519 du
603 2475 692 2520 medule
702 2474 739 2519 le·
773 2479 796 2519 et
807 2473 894 2530 injuriis
906 2472 1050 2525 molestabat,
1061 2472 1122 2516 stud
1135 2471 1216 2515 lictum
1230 2473 1316 2526 saepiru

197 2535 303 2590 gendairo
313 2549 319 2580 :
329 2535 421 2594 Legitur
431 2539 508 2582 antem
522 2535 545 2580 ln
554 2536 654 2592 ‘quadarn
665 2536 739 2580 bisto-
772 2535 919 2594 provocabat.
930 2535 1017 2590 Regina
1029 2539 1107 2578 antem
1115 2533 1160 2577 boe
1171 2534 1267 2577 nroiesw
1280 2532 1316 2576 le-

197 2597 448 2656 unicornuorum,
466 2598 524 2654 qnod
542 2597 585 2642 tuit
597 2598 689 2654 quidm
704 2599 739 2642 vir
772 2609 837 2652 rens,
849 2603 871 2642 et
882 2597 964 2641 indam
979 2597 1042 2641 adse
1056 2606 1100 2640 non
1112 2595 1228 2652 perducis
1245 2596 1318 2640 selem

198 2660 221 2704 in
231 2658 356 2704 lesumienr
372 2661 463 2705 nomine
476 2660 573 2713 liubeo,
586 2660 624 2714 qui
639 2659 683 2704 alic
693 2671 739 2704 no-
772 2661 845 2716 ipsum
859 2658 961 2704 crebrius
979 2657 1115 2702 verberavit.
1135 2657 1180 2702 Sed
1193 2669 1239 2701 nec
1256 2657 1318 2701 sica

198 2721 258 2765 mine
269 2719 342 2766 dictus
355 2725 390 2764 est
406 2720 496 2775 Sinon,
509 2721 538 2765 de
551 2720 611 2764 tribu
623 2721 675 2765 Dan
689 2722 738 2776 rei,
772 2722 872 2766 molestis
882 2722 946 2778 puni
956 2720 1086 2765 decisum.
1101 2719 1202 2764 'i‘andem
1214 2729 1254 2763 res
1262 2730 1319 2775 pan·

196 2782 320 2827 secundum
327 2782 498 2838 Hieronymum,
506 2783 535 2826 de
542 2781 601 2826 tribu
611 2782 737 2836 Ysaselrar3
772 2785 844 2838 ditur,
859 2788 882 2828 et
895 2781 966 2828 ludas
985 2793 1029 2826 uon
1046 2793 1115 2826 verus
1132 2781 1229 2836 reginae
1247 2779 1331 2831 filius,

196 2843 325 2899 quibubuit
339 2855 444 2892 uxorem.
457 2856 517 2900 quoe
530 2843 630 2900 (iuberer
644 2855 738 2888 nuncu·
772 2845 811 2890 seri
837 2845 955 2899 inventus,
978 2844 1086 2900 aperitur.
1110 2841 1176 2899 Quod
1198 2842 1274 2886 ludas
1296 2848 1317 2884 ιιι

196 2909 250 2960 patr
263 2910 306 2949 est.
326 2905 430 2960 Quadam
443 2905 512 2961 igittu
529 2912 607 2961 cocu,
629 2917 681 2950 curn
695 2907 737 2951 sibl
773 2907 893 2963 comperit,
914 2905 1058 2952 rebenenter
1078 2904 1170 2949 erubrus
1183 2909 1209 2948 et
1228 2904 1318 2948 imre·

196 2971 275 3010 utun
287 2965 387 3012 debitum
402 2967 563 3022 exsolvissent,
577 2968 679 3025 ngoren
692 2968 738 3012 ob-
772 2979 838 3013 suurn
862 2968 1002 3024 putativum,
1027 2966 1097 3010 illium
1121 2967 1196 3022 regis,
1223 2967 1318 3010 latenter

197 3027 307 3071 dormiens
321 3029 431 3074 somnium
452 3029 519 3083 vidit,
538 3030 597 3086 qnod
617 3031 737 3086 permulta
772 3029 862 3075 occidit.
875 3029 913 3082 ,Ob
928 3030 970 3074 hoc
989 3029 1109 3085 capitalem
1128 3029 1270 3072 seutentiam
1289 3028 1318 3070 ti-

196 3089 421 3197 ffimmgifflffi
434 3091 534 3198 sussuirils
548 3103 648 3200 gaileno
660 3091 737 3198 rfftniit
772 3101 849 3209 ἔξω,
867 3101 921 3136 cunr
934 3091 1060 3195 tributassini's
1068 3091 1097 3196 tiu
1107 3089 1238 3194 {erusalem
1250 3087 1317 3194 attilu-

282 3163 289 3194 ε
320 3165 326 3196 ι
394 3165 454 3198 urm
479 3166 546 3210 r‚qu
618 3167 656 3198 unr
684 3167 736 3212 agr-
821 3163 891 3210 seque
917 3161 995 3197 cunae
1038 3163 1085 3196 rar
1120 3161 1318 3206 succrecens,

197 3212 278 3259 ticsum
296 3225 414 3268 nemum,
427 3216 466 3272 qui
481 3217 548 3262 totius
562 3217 634 3272 gentis
647 3221 739 3260 nostrae
772 3215 924 3272 manciparit,
943 3218 966 3259 et
987 3215 1103 3269 lumniam
1120 3224 1159 3257 res
1178 3213 1267 3257 similes
1280 3211 1317 3256 sibi

195 3285 265 3318 eausa
285 3275 413 3329 perditionis
437 3277 551 3322 existerat.
575 3277 616 3322 (iul
635 3277 736 3322 Rubens
772 3281 824 3320 sunt
839 3275 933 3332 habiles)
951 3275 1037 3321 Pilatus
1050 3275 1133 3320 ludam
1154 3277 1204 3319 suis
1222 3273 1317 3319 moribus

194 3335 309 3382 Nefarium
323 3349 386 3392 rom,
401 3339 489 3396 iuquit,
503 3352 545 3386 nec
560 3340 631 3386 relatu
646 3339 737 3396 dignans
771 3337 856 3382 invenit
879 3347 1017 3394 congruere,
1038 3343 1062 3381 et
1079 3337 1129 3381 ideo
1149 3338 1226 3393 coepit
1248 3338 1317 3393 insum

194 3397 290 3454 prolarts
307 3404 332 3444 et
353 3399 447 3455 spiritu,
470 3412 512 3446 ceu
530 3407 596 3457 puto,
615 3401 737 3458 phytonico
772 3399 835 3444 valde
842 3409 921 3445 carum
931 3399 1022 3443 babere.
1032 3397 1156 3443 Universae
1163 3399 1317 3454 igiturenrire

194 3459 290 3565 {suffitus
308 3459 349 3518 Cui
361 3461 396 3506 iila
408 3474 414 3504 ι
425 3461 447 3506 Si
457 3473 493 3568 ιιέξ
504 3463 633 3568 ιιοιιιέρὲιιο
645 3474 736 3533 sensero
771 3461 838 3536 Pilati
848 3461 920 3567 igulus
936 3461 1073 3566 pratelic'rtur,
1081 3465 1114 3566 aeit
1126 3460 1155 3504 ad
1170 3461 1224 3531 ejus
1239 3465 1316 3564 ηυὲιιι

193 3582 250 3644 ritus
257 3533 397 3640 &mse
398 3534 507 3638 τεθιῖιιῗιὶιξ1
508 3536 547 3629 ἒὲᾱ
556 3535 735 3630 ιὲνὲῗιὲῗιῃιὲεἷι
771 3535 857 3630 {ms
870 3523 1083 3641 dnggffiiours'uooi'rlr
1097 3528 1317 3640 &dragum

193 3642 242 3688 luit.
252 3643 390 3690 Procedente
400 3643 467 3702 igitur
478 3653 655 3704 ternpore,cum
666 3647 734 3691 lilium
769 3648 828 3691 rium
852 3647 976 3704 aspiciens,
999 3646 1086 3690 illorum
1114 3655 1236 3701 pomorum
1259 3649 1318 3688 tanto

193 3706 328 3761 nepenssct,
343 3712 448 3762 parentes
462 3709 581 3765 plurimum
597 3709 735 3764 timuerunt,
769 3707 879 3753 desiderio
907 3712 986 3763 captur
1012 3713 1064 3761 est,
1088 3711 1113 3750 ut
1136 3717 1196 3762 pene
1221 3705 1315 3750 delicere

193 3768 278 3823 etquid
290 3768 477 3824 deeolacercut‚
492 3769 590 3826 cogitare
601 3775 733 3826 coeperunt3
770 3770 889 3815 rideretur.
912 3769 969 3814 Erat
993 3773 1070 3813 autern
1098 3769 1151 3812 illud
1175 3768 1317 3824 pomoerium

121 3867 124 3870 .
194 3839 290 3884 cumque
304 3828 374 3874 lilium
387 3832 533 3876 abhorrerent
553 3831 668 3886 occidere,
690 3843 732 3875 nec
767 3831 859 3883 ltnben,
880 3831 951 3888 patris
972 3830 1057 3885 Judae3
1072 3829 1112 3874 setl
1126 3841 1170 3874 nec
1184 3831 1261 3875 indas
1275 3841 1316 3885 na·

193 3889 274 3934 vellent
289 3889 450 3936 destructorem
464 3891 498 3935 sul
513 3892 601 3950 generis
621 3891 730 3943 enutrirc,
767 3897 824 3936 trem
834 3903 907 3948 neque
921 3892 1002 3936 liuben
1013 3891 1082 3935 filium
1092 3892 1252 3947 agnoscebat,
1267 3894 1316 3947 qnia

193 3949 266 4004 ipsum
283 3952 305 3995 in
322 3951 404 3997 lisceila
422 3953 518 4009 positum
533 3953 589 3998 nrari
604 3949 731 4008 exponunt,
767 3959 790 3998 et
813 3955 893 4000 liuben
914 3955 987 4012 ipsum
1011 3955 1066 4010 [iris]
1091 3955 1183 3998 marinis
1213 3955 1319 3998 fluctibus

192 4023 259 4066 quern
272 4013 400 4070 (lauacri)
414 4016 494 4061 nrarini
508 4013 590 4060 flnctus
599 4016 628 4060 ad
637 4013 733 4059 insulam
767 4016 860 4070 periisse
871 4015 977 4071 putabat,
998 4023 1021 4061 et
1034 4016 1117 4070 iudas,
1130 4017 1181 4072 quis
1194 4023 1264 4072 pater
1279 4024 1315 4060 aut

192 4074 348 4130 propulerunt,
359 4088 418 4132 quae
430 4077 531 4123 Scariotb
543 4078 633 4122 dicitur.
647 4076 682 4121 Ab
696 4077 732 4120 illa
768 4089 826 4133 quae
840 4078 913 4134 patria
927 4089 967 4123 sun
982 4078 1062 4133 luerit,
1077 4079 1166 4134 penitus
1179 4077 1312 4133 ignorabat.
