2698 4970
711 443 855 500 „ga-

268 598 306 611 -
319 565 491 627 clarissima
505 565 729 628 miraculorum
742 566 935 644 coruscatio,
958 599 998 610 -
1022 581 1087 626 non
1108 564 1212 626 solum
1235 563 1321 626 uicina

269 689 413 754 quaeque
434 672 522 752 loca,
547 707 588 720 -
612 672 835 736 verumetiam
854 673 953 736 totius
976 675 1119 750 Europae
1132 670 1324 734 terminos—

268 780 411 860 adusque
424 778 539 842 Oceani
553 778 666 843 limbos
678 815 718 825 -
730 779 918 843 illustrabat.

228 885 286 963 lluj
292 899 329 945 us
342 881 439 962 igitur
453 879 667 961 gloriosissimi
678 881 776 962 patris
787 882 939 961 exemplis
953 885 1082 946 sauctus
1095 881 1286 946 leudericus
1296 916 1325 928 -

265 986 386 1068 jugiter
398 985 582 1068 irradiatus,
597 1023 637 1034 -
649 988 764 1050 ardens
775 985 930 1050 desiderio
942 986 1110 1068 virtutum,
1125 1022 1165 1033 -
1179 987 1326 1049 crescebat

269 1093 302 1156 in
315 1093 418 1156 virum
431 1093 616 1173 perlectum.

230 1195 341 1260 Omnia
355 1213 438 1277 quae
451 1194 599 1260 videntur
611 1195 781 1277 vilescunt,
795 1231 836 1242 —
846 1213 935 1276 quae
948 1211 1013 1258 non
1026 1195 1175 1259 videntur
1197 1195 1231 1256 in
1252 1195 1326 1256 desi-

271 1296 358 1361 derio
370 1298 456 1358 suut.

230 1405 366 1486 Copulae
379 1401 528 1482 nuptialis
540 1419 628 1464 amor
639 1400 806 1463 amarescit
814 1426 822 1481 3
830 1398 1063 1463 -indulcescit
1071 1417 1161 1462 amor
1172 1400 1325 1462 castitatis.

229 1507 299 1570 Otia
313 1505 471 1570 solitariae
484 1505 568 1568 vitae
580 1507 723 1586 placent,
738 1541 778 1552 —
790 1504 894 1568 carnis
907 1504 1035 1585 negotia
1047 1503 1225 1584 displicent.

231 1615 327 1674 llmor
339 1627 447 1672 amore
459 1608 674 1688 extinguitur,
688 1643 729 1656 —-
741 1609 820 1672 nibil
834 1608 934 1671 amori
947 1608 1059 1672 Christi
1073 1610 1261 1688 praelertur.

232 1714 448 1778 Renuntiatur
460 1711 597 1793 mundo,
611 1747 652 1757 —-
665 1711 777 1776 locdus
790 1712 888 1774 initur
901 1730 974 1776 cum
987 1717 1062 1776 Dec.

232 1821 353 1884 Bellum
366 1816 516 1880 indicitur
529 1815 629 1897 hosti,
641 1850 682 1862 -
694 1816 845 1896 singulari
858 1817 948 1879 locus
959 1815 1122 1896 quaeritur
1132 1817 1305 1880 certamini.

234 1927 373 2003 Sponsus
395 1918 565 1999 alloquitur
596 1936 759 2001 sponsam,
783 1954 822 1966 —
851 1919 957 2000 sponsi
980 1919 1148 1996 coelestis)
1172 1922 1329 2000 (moriatur

275 2043 433 2108 amorem,
446 2026 682 2105 -perpetuam
695 2041 752 2103 pro
765 2023 946 2103 virginitate
962 2004 1127 2103 pollicetur
1137 2041 1299 2087 coronam.
1334 2057 1335 2060 π

235 2139 271 2197 ln
285 2131 419 2197 caelebis
431 2135 475 2206 (l)
490 2128 664 2210 praemium
677 2165 717 2175 -—-
731 2128 820 2209 sequi
833 2128 1026 2208 promittitur
1039 2146 1168 2208 agnum.

236 2237 298 2302 Sed
310 2253 425 2317 sponsa
438 2233 544 2296 adhuc
558 2235 722 2296 tabescens
735 2249 842 2296 amore
854 2232 970 2295 carnali
981 2280 990 2314 ,
1011 2269 1052 2278 —
1065 2232 1214 2295 deridens
1225 2233 1331 2312 spernit

275 2339 324 2402 sui
338 2337 488 2402 salutaria
499 2336 620 2401 monita
631 2336 748 2416 sponsi.

205 2453 209 2461 “
238 2444 408 2508 Mirabatur
432 2441 516 2504 enim
542 2459 576 2504 se
600 2440 705 2504 subito
727 2440 902 2522 repudiari,
918 2459 1043 2505 -cum
1070 2441 1179 2505 debuit
1203 2445 1332 2523 coniunx

276 2547 355 2610 lieri.

237 2656 339 2732 Aegre
351 2651 455 2712 ferens
469 2647 593 2710 fastidia
606 2649 671 2728 pati
684 2684 724 2694 -
737 2651 906 2728 antequam
918 2655 1025 2730 posset
1037 2666 1120 2713 uxor
1132 2649 1252 2714 vocari.

239 2762 353 2820 Amaro
366 2753 472 2817 animo
486 2752 674 2835 respondet,
688 2790 729 2799 —
743 2772 816 2816 cum
829 2771 864 2817 sc
875 2754 1055 2835 despectam
1069 2755 1165 2818 videt.

238 2865 316 2925 Cum
328 2859 426 2939 igitur
439 2861 567 2920 sanctus
579 2858 769 2921 leudericus
783 2864 926 2922 cerneret
941 2896 982 2906 -
994 2861 1081 2941 quod
1104 2878 1162 2923 sua
1182 2845 1333 2940 persuasio

278 2963 430 3028 inanimo
444 2979 578 3042 sponsae
590 2963 696 3025 locum
709 2980 775 3024 non
787 2963 936 3045 baberet,
959 3000 999 3009 —
1016 2981 1082 3028 non
1096 2964 1334 3027 consentientem

278 3067 337 3131 sibi
351 3066 466 3129 deserit
477 3101 518 3114 -
529 3069 624 3146 atque
637 3065 775 3145 pacificis
786 3065 814 3128 ei
828 3067 931 3131 verbis
944 3067 1099 3131 valedicit.

239 3181 326 3239 Tunc
339 3177 408 3237 erat
420 3175 498 3236 urbe
510 3178 664 3236 Remense
677 3171 833 3252 quaedam
851 3172 984 3234 caelebis
1002 3173 1177 3251 abbatissa,
1191 3206 1233 3216 -
1247 3169 1335 3234 sacri-

280 3280 398 3344 tissima
411 3281 442 3358 (l.
456 3279 677 3352 sacratissima)
690 3277 796 3357 virgo,
810 3277 938 3339 nominc
951 3280 1105 3340 Susanna.

240 3393 326 3464 Quae
337 3387 396 3450 sub
409 3383 605 3464 providentia
617 3382 730 3444 summi
742 3381 915 3462 pontilicis,
934 3381 1018 3444 beati
1038 3382 1184 3463 Remigii,
1199 3417 1242 3428 --
1254 3383 1335 3462 puel-

279 3493 336 3556 lari
350 3491 485 3572 praefuit
496 3487 745 3570 congregationi.

239 3600 366 3665 Femina
377 3597 474 3662 virilis
487 3594 583 3658 animi
595 3641 604 3674 ,
618 3629 658 3640 -
669 3592 778 3671 virago
789 3593 937 3672 profundi
949 3594 1086 3676 consilii,
1100 3631 1141 3640 —
1151 3595 1336 3658 consiliatrix

280 3702 399 3767 altioris
411 3695 540 3778 ingenii.

242 3807 288 3870 nd
302 3807 392 3886 cujus
402 3799 551 3884 ,-quasi
566 3800 607 3861 ad
619 3797 775 3877 piissimae
788 3799 898 3862 matris
908 3799 1090 3884 utilissimos
1104 3801 1209 3883 sinus,
1223 3819 1336 3864 —con

281 3911 352 3974 tulit
365 3927 399 3973 se
413 3907 542 3970 sanctus
555 3903 753 3967 leudericus.

268 4081 295 4137 ll)
310 4080 372 4126 Gette
390 4077 472 4129 forma,
490 4076 529 4131 qui
546 4075 603 4120 u’est
619 4085 660 4130 pas
672 4073 774 4130 indiquae
810 4073 878 4124 laute,
893 4075 987 4130 puisque
1002 4085 1059 4119 nous
1079 4073 1099 4118 ln
1112 4080 1246 4118 trouverons
1264 4085 1293 4117 au
1310 4083 1336 4115 ne

237 4143 296 4188 dans
312 4142 340 4186 du
355 4140 442 4195 (lange,
458 4137 514 4182 u’est
531 4148 583 4182 sans
596 4137 663 4182 doute
676 4149 716 4193 pas
732 4147 774 4180 une
811 4136 899 4180 minutii
910 4136 944 4180 six
957 4136 1056 4190 stropbes
1070 4136 1118 4192 plus
1132 4136 1180 4179 bas.
