2662 4968
492 471 530 477 --
550 442 603 496 aaa
617 469 654 480 -

150 571 268 646 Surge,
290 583 405 644 surge,
428 563 541 644 vigila,
566 581 692 646 semper
704 568 773 628 esto
791 569 933 646 paratus

149 704 183 764 ln
199 701 259 762 lrao
273 697 338 762 vita
352 697 495 761 nascitur
507 698 557 760 vir
570 699 673 760 omnis
688 715 761 762 oum
772 717 937 780 moerore,

148 809 181 867 et
195 806 229 869 in
243 805 342 870 vitam
357 805 486 868 dueiurr
497 805 639 869 bumano
653 824 727 869 eum
738 807 864 887 labore,

147 917 180 975 et
193 916 267 992 post
279 912 378 975 vitarn
391 911 551 976 clauditur
564 929 639 975 eum
653 913 774 977 funeris
785 915 907 978 dolore.

147 1024 265 1101 Surge,
280 1037 393 1101 surge,
406 1019 518 1101 vigila,
534 1037 660 1100 semper
669 1024 740 1084 esto
752 1026 893 1102 paratus.

147 1155 177 1218 Si
192 1172 367 1218 conversus
383 1155 481 1218 rueris
495 1158 528 1216 et
540 1155 628 1219 velut
640 1173 719 1235 puer
732 1159 880 1239 sanotuS,

147 1264 180 1322 et
191 1260 289 1324 vitam
303 1261 476 1324 mutaveris
490 1262 523 1323 in
538 1261 686 1326 meliores
700 1267 808 1344 aetus,

147 1367 193 1430 sio
207 1367 326 1431 intrare
340 1367 459 1449 poteris
473 1388 607 1450 regnum
620 1370 673 1432 Dei
686 1372 810 1433 beatus,

146 1478 266 1556 Surge,
281 1492 395 1556 surge,
411 1475 526 1556 vigila,
541 1494 665 1556 semper
679 1481 748 1540 esto
762 1481 903 1557 paratus.

492 1703 607 1776 Antra(
630 1707 650 1778 l.

14 1868 125 1931 Audiat
137 1870 267 1933 auribus
280 1872 501 1954 interioribus,
524 1873 633 1936 audiat
646 1874 749 1954 orbis,

14 1972 94 2035 orbis
106 1979 143 2037 ut
157 1976 260 2038 orbita
275 1977 410 2040 vertitur
421 1978 454 2040 in
470 1978 532 2040 oita
547 1979 675 2040 turbine
689 1977 801 2041 mortis
816 1978 823 2039 ἔ

14 2077 163 2139 Praeterit
173 2081 206 2140 et
221 2080 304 2160 perit
319 2083 352 2142 et
364 2081 514 2144 nebulam
530 2080 611 2161 gerit
624 2083 710 2144 orbis
724 2099 913 2161 amoenum,

12 2180 130 2244 tollitur
143 2185 189 2259 (2)
202 2182 292 2246 ooius
305 2184 372 2265 ipse
386 2186 436 2248 vel
450 2184 549 2266 ipsius
565 2203 661 2247 omne
675 2201 833 2247 serenum.

13 2284 97 2348 Orbis
109 2286 214 2349 bonor
227 2287 305 2350 levis
317 2293 382 2370 est,
398 2293 525 2352 atomus
535 2289 640 2353 brevis
654 2293 687 2352 et
699 2292 795 2353 breve
808 2291 923 2351 festum
938 2337 946 2369 ,

12 2389 52 2450 nil
66 2391 122 2453 dat
136 2393 288 2476 amabile,
302 2394 348 2456 nil
361 2398 448 2458 amat
460 2395 557 2477 utile,
573 2393 655 2456 ridet
669 2397 862 2475 honestum,

12 2493 166 2575 Hosteque
180 2497 346 2578 eorporis,
356 2500 512 2579 hosteque
525 2498 679 2579 pectoris,
700 2498 787 2560 intus
799 2501 831 2560 et
842 2500 951 2578 extra,

12 2596 132 2661 horruit
145 2600 188 2676 (3)
202 2601 329 2683 aridos,
345 2603 429 2665 aruit
445 2603 613 2685 horridus,
629 2606 662 2665 et
673 2621 731 2666 sua
746 2603 837 2664 leste.

12 2704 95 2767 Orbis
110 2723 201 2769 amor
213 2709 311 2790 perit,
328 2713 425 2790 atque
438 2727 513 2772 suos
528 2711 602 2771 terit
617 2709 703 2772 orbis
717 2690 862 2770 amantes

11 2813 107 2876 elsua
122 2813 260 2896 gaudia,
276 2815 394 2894 gaudia
409 2815 530 2898 tristia,
546 2834 621 2880 vera
635 2817 796 2894 putantes.

12 2915 232 2996 Evigilabimus
244 2938 287 2983 an
300 2921 535 2984 remanebimus
550 2922 583 2984 in
599 2922 652 2982 lue
665 2918 796 2999 mundi,

9 3037 101 3097 ouem
115 3025 204 3101 patet
222 3023 370 3104 ignibus,
386 3023 614 3104 alluvionibus,
635 3025 727 3085 hoste
742 3021 892 3084 retundi?

11 3125 86 3199 Quid
99 3147 200 3209 vaga,
222 3129 301 3210 quid
311 3149 366 3192 rea
380 3130 478 3194 eorda
493 3130 605 3194 colunt
616 3149 654 3192 ea
666 3147 749 3210 quae
761 3127 840 3192 nihil
854 3134 1004 3193 exstant?

10 3237 92 3307 Quae
102 3235 200 3298 breve
211 3235 381 3317 plaudere,
396 3254 462 3300 non
472 3237 570 3300 breve
583 3238 751 3315 plangere,
766 3238 840 3314 post
848 3237 944 3301 breve
955 3242 1129 3318 praestant.

9 3339 68 3398 Cur
79 3355 176 3420 earo,
195 3339 363 3422 proximus
374 3340 459 3422 ignis
472 3343 505 3402 et
518 3339 650 3403 intimus
664 3338 786 3420 hostis,
802 3344 950 3404 amatur?

10 3443 114 3507 Carnis
128 3463 219 3508 amor
232 3445 332 3527 perit,
345 3449 397 3510 est
411 3464 502 3527 rosa,
519 3448 594 3509 faex
608 3445 689 3525 erit,
704 3463 782 3524 ergo
794 3446 947 3525 spuatur!

10 3551 29 3610 0
41 3569 120 3614 earo
135 3551 291 3634 eandida,
305 3555 379 3632 post
389 3553 486 3616 breve
498 3552 612 3633 fetida,
627 3553 783 3632 plenaque
797 3550 914 3612 faecis!

9 3660 74 3721 llos
87 3659 207 3740 modo,
220 3675 299 3722 mox
313 3659 408 3721 fimus
421 3662 454 3721 et
467 3658 562 3722 limus
575 3657 704 3720 intimus
715 3705 722 3736 ,
738 3657 825 3719 unde
838 3657 1011 3722 tumescis?

29 3885 53 3939 ll)
78 3883 107 3927 B.
126 3883 157 3928 ll.
180 3892 208 3928 no
221 3888 289 3934 2³19,
312 3883 347 3928 lol.
365 3887 408 3932 ⁴2.
426 3894 505 3932 verso.
525 3888 548 3928 et
584 3881 604 3928 le
621 3881 804 3938 Deconlempto
821 3879 907 3926 mundi
921 3881 949 3926 de
959 3881 1088 3926 Bernartius
1100 3879 1130 3924 de

9 3952 29 3986 ru
39 3949 107 3998 2320,
124 3943 160 3989 iol.
172 3949 210 3999 lt,
223 3951 302 3999 reeto;
315 3943 427 3990 l'eoriture
438 3943 479 3990 des
488 3944 548 3988 deux
583 3942 677 4000 blorlep.

10 4019 52 4052 uss.
68 4007 128 4052 ales
144 4007 273 4052 caracteres
287 4006 411 4054 ordinaires
428 4008 459 4052 ‹lu
477 4007 546 4052 xllle
654 4032 715 4078 ed»,
757 4033 771 4076 d
826 4032 847 4077 ιθ
921 4037 976 4077 w

10 4072 73 4118 itale
94 4071 126 4116 Co
137 4070 242 4126 rlrxtlrmo
254 4071 379 4128 comptique
393 4082 407 4114 a
422 4070 458 4114 ete
472 4068 546 4123 ausu,
609 4035 638 4088 m
694 4045 747 4077 “W
772 4044 814 4077 ω
865 4044 907 4078 ω’
978 4065 983 4076 ’

10 4149 87 4182 emme
102 4148 130 4180 on
144 4138 205 4180 aient
223 4135 251 4180 de
264 4135 282 4178 lo
297 4135 354 4188 roir,
370 4133 471 4190 employe'
492 4131 546 4178 dans
609 4131 637 4188 (al
652 4129 751 4176 Corruit
762 4129 817 4174 dous
830 4129 849 4175 le
859 4142 900 4176 ms.
913 4135 975 4176 232⁰.
