2662 4968
471 423 636 480 *tit-

174 525 178 532 ⁸
267 554 379 617 Utrum
392 551 484 630 eulpa
494 549 536 612 sit
548 565 678 628 eorum,

267 655 374 718 noscit
387 653 538 719 Conditor
552 656 740 717 cunctorum
754 657 764 725 (
788 659 808 728 ).

310 764 436 841 Caesar,
452 777 544 839 reges
557 760 590 821 et
602 756 764 838 marchio,

269 859 354 940 dux,
370 875 495 940 comem
509 857 599 920 miles
612 859 645 920 et
654 857 751 934 haro,

266 965 381 1026 Omnes
394 961 551 1043 principes
564 964 721 1023 terrarum

265 1067 429 1147 possident
436 1065 480 1128 de
493 1065 557 1127 tide
570 1079 699 1145 parum,

266 1173 350 1232 inter
363 1186 474 1232 omnes
484 1185 551 1231 non
564 1170 613 1230 est
626 1184 727 1246 unus,

266 1269 343 1350 quin
356 1268 505 1350 respiciat
519 1268 560 1330 ad
573 1285 711 1344 munus,

266 1379 304 1438 Et
313 1374 472 1456 justitiam
485 1376 658 1453 postponat
671 1375 715 1450 (2)

265 1497 323 1558 pro
338 1497 376 1542 eo
390 1478 445 1559 qui
458 1478 543 1540 dona
557 1477 668 1539 donat.

265 1589 324 1646 Per
334 1583 536 1664 tyrannidem
548 1584 582 1644 et
593 1580 726 1660 gloriam
738 1581 772 1655 (l.
785 1577 949 1657 guerram)

267 1693 441 1772 disponunt
453 1689 571 1769 ubique
585 1691 703 1751 terram
715 1717 724 1768 3

265 1795 363 1876 Magis
374 1798 533 1875 quaerunt
547 1790 739 1854 christianos

268 1893 440 1970 debellare,
456 1906 553 1969 quam
568 1905 722 1967 paganos.

265 2005 334 2063 Non
346 2000 509 2076 verentur,
526 2013 593 2058 non
605 1993 797 2072 formidant,

265 2101 354 2182 quod
365 2100 521 2164 innocuos
533 2095 692 2160 occidant.

267 2209 329 2270 Cur
339 2208 405 2267 tam
419 2203 487 2268 dire
500 2200 576 2264 sinit
588 2204 670 2262 Deus

267 2311 353 2391 quod
366 2307 483 2372 occidit
495 2308 528 2382 (l.
544 2304 680 2374 occidat)
691 2306 815 2382 Justum
832 2305 928 2363 reus?

269 2415 436 2491 Quondam
456 2410 543 2492 [qui]
557 2408 674 2472 milites
688 2407 799 2470 statuti

269 2522 378 2599 erant,
391 2521 429 2581 ut
440 2534 496 2596 per
510 2532 564 2578 eos
578 2511 639 2576 tuti

144 2669 146 2676 ·
269 2627 380 2688 Essent
392 2621 526 2700 viduae,
540 2616 650 2698 pupilli

268 2727 453 2804 clerusquo3
468 2736 555 2783 nune
569 2721 601 2782 et
612 2717 655 2780 illi

268 2831 358 2892 Tales
367 2826 498 2890 minime
506 2821 709 2900 defendunt,

269 2935 326 3000 sed
338 2935 531 3014 praedantur
544 2932 577 2993 et
590 2927 763 2991 intendunt
778 2953 786 2985 ι

269 3045 330 3106 Cor
342 3057 453 3103 eorum
466 3036 568 3114 magis
582 3049 719 3114 pronum

269 3148 318 3208 est
331 3144 373 3208 ad
385 3143 506 3205 malum
518 3156 615 3220 quam
627 3136 668 3198 ad
681 3137 814 3196 bonum.

309 3250 416 3328 Cives,
429 3245 568 3324 nobiles,
584 3255 788 3318 communes,

269 3349 417 3415 rarodoli
431 3348 507 3410 sunt
520 3343 697 3420 immunes3
773 3375 778 3382 -

269 3450 395 3516 Nobiles
410 3444 614 3528 injuriantur,

270 3555 355 3621 cives
369 3571 444 3618 vero
462 3550 687 3627 foenerantur3

268 3667 311 3726 De
325 3658 472 3724 omnibus
485 3654 535 3720 his
548 3657 599 3718 vei
612 3655 699 3716 nlius

268 3767 317 3828 est
331 3760 448 3841 fidelis,
463 3757 657 3824 sirenullus.
758 3801 760 3807 .

268 3871 388 3930 Nautae
401 3864 498 3946 maris
511 3866 544 3925 et
557 3859 681 3939 uoloni,

15 4070 56 4136 ¹¹(t)
68 4066 95 4112 La
110 4065 182 4124 partie
192 4062 278 4120 publiea
293 4071 334 4116 par
346 4055 437 4104 Woltius
448 4054 540 4100 s'arrtte
594 4048 692 4155 ‘imrlniy
706 4045 793 4152 amdam
809 4047 949 4102 Naogsorssus
961 4043 1116 4099 portauerant,

15 4139 40 4169 m.
574 4125 598 4155 er
620 4124 632 4155 e
668 4123 713 4154 ona
741 4140 747 4150 .
1163 4119 1166 4126 ·
