2662 4968
677 377 841 432 —170—

299 503 332 562 et
344 499 429 580 ipsos
443 499 607 562 offendere
620 499 807 564 nullomodo
821 499 968 580 emdam3

297 606 354 670 sed
367 623 424 686 per
437 606 521 670 viam
534 605 689 687 mediam,
703 609 740 670 nt
754 606 861 687 decet,
876 606 1033 674 inoedam.

297 743 378 804 Sunt
391 740 431 802 ab
445 737 490 801 eis
502 739 620 802 mortui
635 741 741 820 piures
755 740 898 804 suscitati
910 769 918 823 3

297 847 361 910 seoi
378 847 411 923 (l.
424 847 540 928 coeci),
556 847 660 929 surdi,
676 847 812 929 debiles,
826 847 943 910 infirmi
956 848 1061 911 sanati
1075 879 1083 929 3

300 953 465 1034 fugatique
476 955 666 1035 daemones,
681 954 796 1035 leprosi
811 955 973 1034 mundati,

297 1063 330 1123 et
343 1060 443 1140 aperti
457 1077 617 1141 carceres,
633 1063 752 1126 nautae
765 1061 899 1124 liberati.

296 1196 334 1255 Et
345 1210 456 1257 omnes
467 1193 648 1258 audivimus
660 1211 777 1278 aquam
793 1195 910 1257 saetam
924 1194 1043 1259 vinum-

302 1316 358 1382 per
374 1300 551 1362 Iohannem
565 1299 685 1363 seilicet
699 1303 732 1362 et
745 1317 801 1380 per
813 1300 1015 1382 laeobinum‚

298 1406 384 1487 quod
400 1409 564 1486 gustatum
578 1408 683 1469 inerat
695 1423 752 1486 per
764 1407 1041 1488 drehitrielinum3

301 1514 348 1576 sio
361 1513 475 1577 iecisse
485 1513 621 1593 legimus
633 1514 765 1577 beatum
775 1511 954 1577 liartinum.

300 1650 502 1729 Loquebatur
515 1647 668 1711 Dominus
681 1647 727 1710 eis
739 1665 813 1711 cum
827 1648 978 1710 volebant

305 1760 338 1819 et
349 1756 391 1818 ad
403 1773 459 1819 eos
470 1754 575 1835 angeli
588 1753 664 1819 boni
680 1753 934 1834 descendebant,

302 1865 335 1924 et
348 1862 422 1924 mali
436 1861 580 1924 similiter
593 1861 639 1923 eis
651 1862 861 1941 apparebant,

297 1967 352 2049 qui
366 1967 432 2030 suis
446 1985 502 2048 per
515 1967 622 2031 omnia
635 1967 794 2031 mandatis
809 1969 961 2032 fovebant
976 1969 1011 2042 (l.
1026 1968 1203 2044 favebant).

299 2100 353 2165 ilis
364 2119 529 2182 nunqnam
540 2100 680 2181 Apostoli
695 2103 839 2166 iecerunt
849 2103 988 2181 majora,

299 2209 357 2271 sed
366 2226 427 2271 nee
438 2208 488 2271 his
500 2207 632 2290 similia3
647 2225 740 2288 nam,
755 2225 947 2288 quacunque
961 2208 1041 2270 hora

299 2315 480 2380 invitabunt
491 2317 522 2393 (l.
531 2314 717 2389 invitarunt)
726 2313 1038 2394 DominumFratres,
1047 2313 1116 2376 sine
1124 2330 1228 2393 mora,

301 2423 423 2486 fiebant
434 2423 587 2486 miracula
599 2421 694 2484 lande
708 2418 864 2501 digniora.

302 2555 446 2620 Visiones
456 2555 578 2636 aliquas
591 2572 648 2635 per
661 2558 787 2636 raptum
801 2553 971 2633 viderunt,

302 2663 360 2726 sed
373 2661 525 2725 nonlicet
538 2660 660 2724 homini
672 2661 761 2742 loqui
774 2660 828 2741 qui
843 2662 877 2736 (l.
889 2663 984 2741 quae)
998 2659 1150 2739 inerunt3

302 2770 343 2832 de
357 2767 472 2831 futuris
486 2767 583 2830 etiam
595 2769 687 2848 plura
699 2767 946 2848 praedixerunt,

301 2891 384 2956 quae
395 2874 478 2937 siout
490 2873 717 2954 praedixerant
729 2874 773 2936 ita
791 2873 1006 2953 contigerunt.

302 3005 398 3086 Signa
409 3005 538 3086 quidem
551 3005 687 3085 plurima
701 3007 831 3069 suntab
849 3003 894 3069 eis
908 3008 991 3068 faeta

301 3111 356 3192 qui
368 3112 401 3187 (l.
417 3110 609 3188 edidissent
622 3113 823 3176 omniahaec
836 3112 954 3192 scripto
970 3111 1100 3174 redacta
1115 3159 1123 3190 ,

302 3217 359 3282 sed
370 3235 444 3281 oum
454 3219 571 3283 vellent
584 3218 722 3282 seribere
736 3235 840 3298 penna
856 3216 916 3281 luit
929 3218 1030 3281 iraeta

302 3327 336 3388 et
348 3323 479 3388 bissexti
492 3329 535 3404 (l)
546 3342 699 3387 numerus
711 3324 810 3388 erevit
821 3323 854 3386 in
866 3341 977 3404 opaea.

214 3447 219 3471 ⁸
302 3463 490 3542 Vosprecor
503 3458 707 3524 hereredere
720 3458 775 3542 qui
788 3457 881 3538 signa
894 3456 1033 3538 vidistis,

303 3583 379 3628 nam
393 3569 426 3628 et
438 3582 499 3646 ego
513 3565 692 3646 crederem,
708 3564 764 3626 sed
777 3581 848 3630 sum
859 3563 951 3627 valde
964 3560 1063 3624 tristis
1076 3589 1085 3642 3

302 3672 383 3733 haee
394 3687 532 3750 namque
544 3669 698 3732 miracula
712 3687 794 3749 quae
807 3687 894 3731 nune
908 3666 1090 3748 audivistis,v

303 3794 393 3842 versa
400 3779 484 3841 sunt
496 3777 530 3840 in
544 3775 678 3839 nihilum
690 3775 723 3837 in
737 3776 770 3850 (l.
785 3778 913 3856 saepel)
926 3776 1021 3837 rebus
1035 3772 1116 3836 istis.

236 3995 265 4051 ill
279 3995 471 4040 ldalheurz'lune
479 3994 599 4046 bissextilis
610 3998 659 4038 erat
667 4004 747 4047 anons,
782 4004 863 4038 revera
882 3990 967 4037 corruit
985 3991 1115 4045 bissextum
1140 3990 1243 4036 orderie
1261 3989 1322 4040 Vitat,

210 4071 238 4102 ae
249 4058 307 4101 siout
321 4056 386 4113 vulgo
395 4055 533 4110 audivimus,
548 4067 614 4111 sopor
627 4053 749 4110 proditores
784 4052 893 4097 Historia
906 4051 1079 4104 ecclesiastiea,
1096 4052 1111 4096 i.
1123 4063 1174 4106 ιιιι,
1191 4066 1216 4109 ρ.
1227 4057 1278 4100 882.
