2692 4976
481 457 676 516 ’445-

284 584 319 643 in
333 598 407 647 veru
420 581 499 646 eseli
511 599 637 646 camera

284 704 405 769 pauper
415 689 502 769 jacet
513 687 746 770 pulcherrima3

224 808 300 857 vero
314 795 397 874 sole,
412 793 496 858 veris
509 795 682 876 sideribus,

223 899 317 964 istum
331 900 375 964 illi
390 901 533 982 depinxit
546 903 708 966 Dominus.

281 1065 367 1143 Opus
380 1064 482 1144 magis
495 1063 647 1128 eximium

281 1173 331 1232 est
343 1173 478 1234 naturae
490 1190 587 1253 quam
599 1171 786 1253 hominum3

220 1277 308 1356 quod
321 1294 381 1342 nee
391 1279 482 1341 labor
499 1296 559 1349 nee
573 1281 718 1359 sumptus
729 1285 913 1364 praeparat,

220 1401 279 1448 nee
293 1386 435 1449 vetustas
449 1385 602 1451 solvendo
616 1385 758 1466 dissipat.

278 1543 435 1608 Ministrnt
447 1546 544 1609 homo
558 1544 666 1627 diviti,

279 1652 413 1732 angelus
426 1650 535 1714 autem
547 1651 696 1733 pauperi,

217 1762 254 1822 ut
268 1758 341 1822 hine
354 1776 482 1840 quoque
496 1762 621 1822 constet
633 1759 781 1822 coelestia

216 1883 313 1944 quem
325 1864 390 1928 sint
403 1863 494 1928 nohis
509 1883 528 1926 a
542 1869 605 1928 Deo
617 1865 755 1927 subdita.

276 2024 322 2088 Sit
333 2041 445 2104 perpes
460 2028 525 2088 Deo
539 2023 656 2106 glorie,
670 2028 733 2090 ets.

546 2331 606 2389 VH.

271 2539 396 2604 ornatis
410 2541 481 2604 luce
494 2537 637 2620 partibus

269 2646 380 2710 mundi
395 2645 627 2728 superioribuS,

210 2755 280 2817 loca
292 2756 391 2816 restet
404 2753 585 2816 ornandum
595 2750 716 2815 infima.

209 2875 251 2922 ex
264 2858 314 2922 his
326 2863 371 2935 (1)
384 2857 499 2939 quihus
513 2859 569 2920 lux
583 2859 708 2939 estjam
722 2858 872 2940 condite}

268 3021 417 3085 Edueunt
430 3036 532 3100 aquae
545 3018 675 3100 reptile,

267 3130 450 3212 producunt
461 3129 494 3190 et
506 3126 634 3191 volatile
645 3152 654 3207 3

208 3253 274 3299 uno
284 3237 377 3316 jussu
390 3233 493 3314 pisces
507 3235 540 3296 et
552 3234 698 3297 volucres

206 3341 394 3423 prodierunt
404 3341 438 3404 in
448 3358 523 3404 suas
535 3338 665 3420 species.

266 3501 364 3565 Simul
376 3504 409 3563 et
422 3504 493 3564 cete
505 3497 638 3580 grandin

265 3612 298 3672 et
310 3624 407 3688 parva
421 3606 504 3670 fiunt
516 3610 621 3670 ostrea
635 3654 643 3688 ‚

207 3733 272 3779 uno
286 3715 409 3798 grypho
423 3717 586 3778 momento
601 3713 760 3778 maximus

204 3824 366 3902 proiectus
376 3823 409 3900 (l.
420 3823 591 3902 profertus)
604 3825 653 3884 est
664 3826 696 3885 et
707 3839 816 3902 passer
825 3823 982 3889 modicus.

37 4141 64 4196 (ι)
79 4139 119 4184 8oe
132 4140 208 4196 quise
224 4145 302 4186 trouve
316 4140 372 4184 dens
383 4140 404 4183 ie
416 4137 541 4185 manuscrit
555 4143 589 4182 est
603 4112 766 4183 ceruinemenr
779 4145 823 4181 une
835 4135 896 4180 fante
907 4135 935 4180 de
946 4134 1018 4192 copie.
