2676 4968
692 445 731 454 -
746 415 855 470 388-

311 544 386 603 Tum
399 539 524 619 mugnis
536 540 634 620 igitur
645 541 808 621 promissis
821 541 874 605 illu
886 542 984 622 ligata
997 591 1005 624 ‚

350 645 377 708 si
390 663 538 726 proceres
550 646 698 727 nudent,
713 648 834 709 nubere
848 648 984 728 spondet
997 648 1037 711 ei.

310 757 398 816 Tunc
412 753 592 818 llaehomes
606 754 749 834 gaudens
763 753 830 816 exit
841 754 976 817 festinus
987 755 1028 818 ab
1040 754 1113 836 illa3

350 861 392 924 ad
404 879 552 942 proceres
566 860 681 942 ambit3
697 878 958 942 muneramagna
974 865 1075 941 parat.

310 972 400 1032 llunc
414 968 513 1032 trahit
524 969 555 1031 in
569 972 711 1050 purtem,
727 973 852 1032 secreto
863 971 1005 1050 postulat
1018 969 1107 1034 illum
1123 997 1131 1052 3

350 1077 437 1140 hunc
451 1076 511 1140 sibi
524 1075 689 1157 promissis
703 1075 818 1158 allicit,
833 1077 920 1139 hunc
933 1076 1093 1156 precibus.

311 1187 430 1246 Aurum
443 1183 617 1265 promittit,
633 1186 819 1263 argentum,
838 1183 954 1264 pullio,
968 1187 1093 1265 vestes,

351 1289 506 1370 quidquid
521 1293 608 1353 amul
621 1291 777 1370 mundus,
799 1288 956 1371 quidquid
969 1291 1087 1354 hubere
1101 1291 1190 1370 cupit
1204 1293 1251 1368 ll).

311 1401 387 1462 llem
402 1399 510 1461 tomen
525 1401 683 1480 occultat,
699 1397 759 1460 nisi
773 1397 828 1478 qui
842 1399 876 1472 (l.
890 1397 941 1461 cui
951 1403 975 1475 l)
991 1398 1168 1464 firmaverit
1180 1403 1252 1462 ante

350 1504 438 1585 quod
452 1506 534 1568 leret
546 1522 588 1567 ex
601 1505 782 1568 totocorde
792 1506 946 1585 juvamen
960 1505 1000 1581 ei.

310 1616 480 1694 Postquam
493 1630 550 1693 per
560 1612 860 1693 partesnaenomes
871 1611 917 1675 sic
930 1630 1089 1693 quemque
1102 1613 1230 1693 ligavit,

253 1795 257 1804 Δ
351 1723 388 1781 ut
401 1720 479 1782 nulli
495 1723 581 1782 retro
594 1720 709 1782 cedere
720 1719 917 1800 jumlicent3

311 1826 449 1890 Consilio
460 1827 619 1906 prudens,
634 1843 746 1888 omnes
757 1825 916 1888 conduxit
929 1826 962 1888 in
976 1843 1094 1906 unum,

270 1937 276 1948 ’
353 1937 386 1995 ct
398 1952 463 2013 quo
477 1949 528 1996 res
543 1932 654 1995 tendat
667 1932 816 1996 omnibus
830 1932 989 1996 innotuit:

311 2042 435 2106 Scilicet
449 2043 486 2102 ut
498 2039 578 2102 liber
591 2039 665 2117 irat,
681 2039 888 2102 laudantibus
902 2039 983 2121 illis,

351 2151 385 2211 et
394 2165 452 2227 per
465 2164 521 2209 eos
531 2146 682 2210 dominae
696 2145 798 2225 possit
810 2147 930 2208 habere
939 2148 1074 2210 ¹thorum
1088 2195 1096 2228 ‚

311 2262 442 2336 tamquo
455 2254 651 2318 manumisso
665 2253 722 2316 sibi
738 2251 873 2316 reddere
884 2271 949 2317 non
966 2257 1077 2333 gravet
1092 2254 1163 2318 illos

352 2367 446 2427 antea
459 2380 540 2444 quae
553 2358 805 2425 dominodebita
821 2358 1036 2422 reddiderant.

190 2487 195 2500 '
312 2473 337 2534 0
351 2487 485 2534 coecum
495 2468 583 2532 virus
594 2485 659 2548 quo
671 2470 780 2546 turget
795 2465 903 2545 iniqua
918 2465 1054 2546 cupido,

355 2593 420 2656 quo
433 2575 530 2638 semel
544 2573 686 2636 imbutus
700 2590 735 2634 se
746 2587 877 2651 quoque
891 2569 993 2633 nescit
1003 2570 1122 2635 homo!

312 2687 376 2747 llos
389 2683 433 2744 ita
447 2681 590 2745 coecavit
604 2679 727 2743 nummi
740 2677 878 2759 speciest,
892 2679 991 2740 rubor
1004 2677 1093 2757 nuri,

353 2788 440 2868 quod
454 2787 576 2850 faciunt
590 2787 751 2850 dominum
765 2786 862 2848 duent
873 2787 912 2846 ut
923 2783 975 2846 ille
988 2801 1080 2846 suum
1096 2812 1104 2845 ι

313 2897 410 2974 Cujus
424 2895 516 2956 erant
529 2891 650 2956 domini
664 2891 800 2954 fiunt-ob
814 2899 947 2953 munera
962 2890 1043 2954 servi
1057 2918 1065 2971 3

353 3000 451 3063 libero
466 3002 651 3079 supponunt
664 3001 745 3062 colla
759 3013 939 3077 manusque
950 2999 1053 3076 jugo:

313 3110 360 3172 Ad
374 3107 536 3171 dominum
549 3109 721 3186 properant
734 3109 767 3167 et
777 3105 864 3184 quod
876 3103 1082 3168 llaclmmctis
1097 3105 1139 3166 ab
1152 3121 1207 3166 ore

353 3214 541 3293 audierant,
557 3212 601 3277 illi
615 3211 807 3291 persuadere
821 3210 952 3273 student
968 3237 975 3272 ε

314 3345 329 3380 «
346 3321 376 3385 Si
391 3321 540 3386 dominus
554 3322 675 3399 noster,
693 3340 709 3374 n
725 3317 855 3397 dicunt,
873 3342 889 3376 u
905 3322 981 3380 tuus
994 3317 1047 3380 ille
1060 3317 1210 3394 moritus,

354 3426 469 3489 nobilis
481 3429 514 3488 et
527 3426 668 3506 sapiens,
683 3441 753 3488 non
763 3427 942 3487 moreretur
954 3424 1079 3504 adhue,

313 3537 384 3597 Non
398 3533 454 3596 tibi
467 3533 819 3612 vicinuspreesumeret
830 3532 915 3594 ullus
928 3533 1064 3611 obesse3

356 3645 506 3704 externos
518 3640 615 3703 etium
629 3639 780 3702 subderet
794 3638 846 3701 ille
858 3637 936 3717 tibi3
1326 3635 1327 3646 *

315 3749 427 3811 Omnis
442 3750 585 3830 curaret,
601 3747 783 3825 disponeret
795 3743 918 3824 omnia3
934 3745 1022 3806 nullo

356 3855 517 3918 morderet
530 3856 669 3917 mentem
680 3851 860 3916 sollicitudo
874 3854 963 3913 tuam
976 3899 985 3931 ,

247 4114 275 4158 (ll
290 4107 366 4156 Potest
378 4109 433 4154 dens
445 4107 473 4150 B.
