2676 4968
453 466 493 477 -
508 435 616 493 427-

262 559 343 642 ·lmli,
359 561 440 643 laeli,
455 565 652 639 flammeus,

268 671 364 750 cujus
375 668 477 732 virtus
486 671 591 731 totum
603 683 712 748 possa,

268 777 359 856 qu‘us
372 791 485 838 sensus
498 777 601 839 totum
614 791 727 855 nosse,

168 915 170 924 ·
267 887 611 965 cujusassasummum
619 883 751 960 bonum,

267 993 447 1072 cujusopus
455 989 609 1071 quidquid
618 986 754 1068 bonuml

267 1100 751 1180 Supersunotasubtuscunata,

266 1209 357 1270 extra
372 1210 503 1288 cunata,
519 1206 602 1269 intra
617 1208 754 1284 cuncta3

266 1317 350 1376 lntaa
361 1317 476 1378 cuncta
490 1331 550 1376 nec
563 1313 723 1392 inclusus,

266 1423 356 1483 extra
370 1423 486 1484 cuncta
499 1437 560 1482 naa
573 1420 743 1498 exclusus,

266 1525 783 1603 Subteraunctanecsubtractus,
893 1538 894 1542 ’

263 1645 358 1710 super
369 1632 485 1693 cuncta
499 1647 559 1692 nec
573 1631 686 1692 elatus

22 1790 67 1850 Un
78 1789 165 1849 autre
178 1803 310 1868 passage
323 1804 444 1868 pmuva
457 1803 522 1850 una
532 1785 654 1868 grands
667 1784 819 1850 habitudo
833 1785 873 1848 de
886 1787 916 1849 la
931 1787 1091 1852 versifica·
1177 1803 1184 1816 ·

13 1909 47 1956 pn
67 1891 267 1974 rhythmique
288 1896 321 1956 et
343 1911 406 1958 une
428 1892 568 1956 certaine
586 1892 754 1973 puissanca
767 1893 915 1975 poa'tique
935 1913 998 1978 que
1018 1895 1084 1959 l’on

12 2001 123 2062 trouve
136 1999 215 2063 dans
228 2001 274 2062 las
287 2017 359 2064 vers
371 1999 560 2063 d’Aballard.

264 2157 347 2216 Reus
359 2154 471 2217 mortis
482 2172 548 2219 noa
561 2156 712 2236 despero,

263 2260 321 2324 sad
334 2258 368 2322 in
379 2263 483 2324 morta
496 2259 595 2324 vitam
607 2277 739 2341 quaero.

264 2369 377 2442 Quota
391 2367 511 2446 placem
525 2365 570 2430 nil
581 2367 756 2448 praetendo
771 2415 780 2447 ,

265 2471 326 2534 nisi
339 2471 435 2536 fidam
449 2489 547 2553 quam
561 2473 710 2537 delendo.

264 2577 372 2642 Fidem
385 2578 491 2660 vides,
508 2580 593 2644 bana
605 2579 759 2661 imploro,

265 2687 334 2751 lava
348 2687 467 2750 fascem
480 2703 545 2767 quo
558 2688 681 2750 laboro.
746 2673 749 2680 ’

264 2797 324 2855 Per
335 2793 398 2857 hoc
411 2811 541 2873 sacrum
547 2794 741 2874 cataplasma

265 2902 467 2965 convalescat
479 2917 611 2980 aegrum
624 2901 765 2982 plasma,

265 3008 361 3068 Extra
376 3008 502 3086 portam
511 3008 580 3086 jam
594 3006 754 3087 delatum,

262 3115 330 3194 jam
341 3115 515 3176 loetantam
528 3113 740 3192 tumulatum,

265 3219 348 3282 Vitta
359 3219 455 3300 ligat,
469 3217 549 3298 lapis
562 3221 674 3300 urget,

265 3325 339 3406 sed,
353 3325 378 3388 si
390 3326 502 3407 jubas,
516 3323 569 3390 hia
582 3328 738 3406 resurgat.

264 3431 359 3513 lube,
373 3431 452 3512 lapis
465 3432 665 3512 revolvatur3

262 3538 356 3619 jube,
370 3537 450 3600 vitta
466 3537 683 3620 dirumpetur3

266 3643 416 3706 Exiturus
427 3643 528 3707 nascit
541 3661 659 3724 moras,

265 3754 435 3830 postquam
446 3751 583 3814 clamas:
599 3749 656 3813 Exi
669 3751 765 3814 toras.

267 3860 302 3920 ln
316 3857 378 3920 hoa
391 3857 459 3920 salo
472 3873 543 3919 mea
557 3855 634 3920 ratis

267 3961 435 4026 infestatur
448 3982 467 4026 a
479 3962 589 4044 piratis
600 3989 609 4044 3

267 4070 346 4132 llina
358 4072 512 4151 assultus,
528 4071 746 4152 indemptus,
