2698 4970
711 451 855 509 -st,..

345 581 562 646 confortando
576 577 695 642 debiles
708 580 805 642 verbo
817 578 891 659 Dei,
906 593 1009 640 messe

342 690 415 767 post
427 688 568 749 laborem
580 701 712 762 aureus,
728 686 765 745 ut
777 699 852 763 rex,
867 683 963 744 debet
976 687 1058 744 esse:

383 791 490 854 Gallus
502 805 578 852 suas
591 787 726 850 feminas
738 789 820 850 solet
832 788 1019 868 verberare,

346 906 404 967 has
417 921 583 985 quaecum
599 902 760 966 extmneis
776 901 866 966 novit
878 903 1041 964 ambulare
1057 927 1064 961 ε

343 1008 394 1073 Sic
408 1007 559 1071 sacerdos
571 1006 717 1070 subditos
730 1006 826 1069 dehet
840 1005 997 1086 castigare

347 1112 401 1192 qui
415 1115 528 1174 eontra
541 1112 646 1190 legem
657 1109 781 1173 Domini
794 1112 900 1174 solent
912 1125 1055 1191 peccare.

385 1225 553 1289 Basiliscus
566 1224 708 1289 nascitur
721 1224 790 1288 ovis
804 1225 844 1286 de
857 1225 1014 1304 gallorum
1025 1226 1037 1298 (
1041 1227 1071 1297 l)
1085 1249 1094 1282 ι

347 1327 393 1391 sic
406 1327 520 1391 crescit
533 1327 581 1392 vis
596 1327 759 1390 daemonis
772 1328 813 1390 de
826 1329 1084 1408 presbyterorum

346 1436 443 1498 Multa
457 1432 670 1514 negligentia,
685 1431 740 1511 qui
753 1432 955 1494 solutorum
1043 1415 1046 1422 ’

242 1557 246 1563 ·
349 1557 414 1602 non
429 1540 544 1601 curant
556 1535 753 1613 (electoribus
765 1553 826 1598 nec
839 1535 880 1598 de
893 1553 950 1616 spe
962 1537 1136 1599 coelorum.

386 1654 492 1717 Gallus
506 1669 671 1733 nunquam
688 1651 822 1732 negligit
834 1654 959 1731 tempus
972 1651 1206 1731 vespertinum

351 1761 408 1823 sed
423 1777 496 1823 cum
511 1758 577 1821 suis
588 1755 725 1820 subditis
738 1757 825 1819 volat
837 1757 880 1818 ad
893 1756 1061 1839 supinum,

345 1869 400 1946 ut,
415 1864 449 1926 in
464 1865 559 1926 noete
570 1859 689 1942 medie,
704 1864 829 1942 tempus
837 1862 1032 1926 matutinum

347 1969 446 2033 servis
458 1967 512 2030 Dei
527 1966 690 2048 praecinat
703 1967 747 2029 ad
757 1983 841 2046 opus
854 1967 1009 2031 divinum,

389 2081 438 2145 Sic
453 2083 488 2142 et
499 2081 604 2142 bonus
617 2080 793 2160 presbyter,
808 2097 961 2159 respuens
975 2084 1118 2160 terrena,

350 2184 439 2248 ducit
452 2200 528 2246 suos
542 2181 686 2244 subditos
697 2181 811 2244 Christi
823 2181 856 2244 in
867 2199 949 2262 pena
963 2186 1022 2263 (un

349 2290 507 2352 Praebens
517 2286 578 2350 iter
589 2285 746 2350 coelicum
760 2286 839 2349 coeli
853 2287 1064 2367 memorare,

352 2411 487 2474 sponsus
501 2410 575 2455 cum
589 2391 754 2454 advenerit
767 2409 841 2453 cum
854 2393 948 2455 turba
964 2391 1106 2456 duosena
1125 2393 1158 2467 (l.
1179 2391 1336 2462 duodena).

390 2509 507 2587 Gallus,
521 2505 623 2568 noctis
635 2504 752 2587 media,
764 2507 871 2568 studet
883 2525 1072 2588 personare,
1112 2565 1118 2577 ,

351 2615 425 2674 ante
444 2613 576 2673 cantum
587 2608 713 2671 fortiter
726 2608 784 2670 alis
798 2609 950 2673 ventilare
966 2639 973 2672 ι

352 2716 401 2779 Sic
414 2713 562 2777 sacerdos
571 2711 739 2794 providus,
755 2711 936 2775 seminoctis
949 2714 1044 2795 hora,

353 2822 393 2886 ad
409 2818 605 2884 laudandum
618 2817 786 2920 Dominum
798 2818 902 2898 surgit
915 2819 984 2882 sine
997 2837 1097 2883 mora.

393 2939 476 2996 llaec
486 2931 576 2996 vobis
589 2931 748 2994 sufficiant
761 2931 801 2994 de
813 2933 896 3012 gallo
910 2935 1021 2995 notata

356 3039 432 3101 etin
445 3034 642 3099 audientium
653 3036 751 3099 corda
763 3037 828 3099 sint
840 3039 962 3121 locata3

355 3145 472 3206 Teneat
484 3139 637 3202 memoria
650 3142 756 3216 (hoel)
766 3141 851 3221 quod
866 3161 934 3205 nux
945 3147 1106 3224 muscata,

356 3246 460 3309 reddit
472 3247 543 3326 plus
557 3247 716 3326 aromata,
731 3246 812 3309 bene
825 3249 1003 3312 masticata.

395 3358 501 3420 Gallus
511 3354 601 3420 vobis
614 3354 793 3439 praedicat,
809 3375 919 3421 omnes
933 3375 989 3422 vos
1003 3359 1129 3440 audite,

355 3463 547 3542 sacerdotes,
560 3463 683 3525 Domini
695 3462 778 3525 servi
790 3465 825 3524 et
837 3463 968 3545 levitee3

355 3570 395 3630 Ut
409 3564 499 3630 robis
512 3564 714 3630 adcoelestie
729 3565 845 3630 diu'tm
857 3569 890 3638 (l.
905 3566 1063 3646 dicaturl)
1079 3597 1086 3630 ι
1103 3570 1234 3652 Venite,
1337 3596 1338 3604 ¹

354 3673 479 3750 praesta
492 3670 584 3732 nobis
598 3671 726 3749 gaudia,
734 3675 846 3752 ¹llater⁷
859 3679 1007 3736 aeternae
1020 3674 1121 3739 vitae!

269 3911 301 3968 ’(1)
320 3909 350 3954 Le
361 3909 439 3966 penate
453 3909 510 3955 croit
523 3921 605 3954 encore
621 3921 649 3954 en
664 3911 774 3955 Normun-
811 3911 1274 3967 taumfflwnmmartiamrcdcduia,
1287 3920 1318 3972 nl

229 3973 270 4018 die
281 3971 334 4028 qu’il
346 3985 360 4028 γ
373 3984 386 4016 a
400 3984 431 4015 un
444 3977 533 4030 serpent
546 3972 601 4017 dens
619 3971 651 4016 les
664 3973 721 4016 oeuls
736 3973 775 4029 qui
851 3974 877 4030 (2)
891 3973 921 4020 Ge
932 3975 1020 4019 dernier
1027 3982 1076 4020 mot
1087 3981 1121 4019 est
1130 3976 1299 4022 certalnement
1307 3987 1335 4020 cor

230 4040 284 4080 sont
295 4034 379 4092 pondus
392 4045 433 4090 par
446 4033 479 4078 les
492 4045 558 4090 cous,
569 4040 591 4078 et
605 4033 724 4092 Theophile
736 4040 775 4078 at·
810 4048 903 4092 rompu;
923 4040 1038 4092 peut-erre
1059 4037 1152 4081 leui-il
1172 4037 1214 4082 lire
1233 4049 1334 4096 perenm

232 4097 326 4141 tribuair
343 4097 357 4140 d
372 4107 411 4140 son
426 4107 492 4151 sang,
512 4095 709 4141 convenanlemenr
723 4097 775 4152 prd-
810 4097 907 4154 quoique
917 4110 972 4142 ricus
984 4111 1040 4144 nous
1050 4100 1222 4146 nesouvenions
1233 4115 1277 4159 pas
1286 4101 1336 4147 dela

232 4160 301 4216 parc,
318 4158 338 4202 la
354 4158 473 4215 puissance
488 4158 515 4201 de
535 4165 660 4202 transmuer
678 4159 708 4202 les
727 4159 776 4201 md·
811 4159 858 4203 voir
870 4160 952 4214 jamnis
966 4173 995 4203 vu
1010 4162 1110 4218 employc
1119 4174 1175 4218 pour
1186 4165 1316 4218 perennia.
1335 4109 1338 4222 ι
