2652 4968
707 373 872 430 ..m-

505 512 568 575 qua
581 511 647 556 nox
661 494 765 558 omnis
777 495 959 560 destruetur

505 601 539 662 et
550 613 637 664 mors
650 599 718 679 ipsa
731 600 904 664 morietur!
1010 615 1013 621 ·

505 743 586 800 Eece
598 756 655 801 rex
669 737 868 802 desideratus

506 846 538 905 et
552 862 569 904 a
581 843 677 925 justis
691 847 894 926 expectatus,

505 949 572 1027 jnm
585 947 715 1012 festinat
727 953 896 1032 exoratus,

509 1053 550 1114 ad
562 1054 754 1137 salvandum
766 1059 992 1136 praeparatus!

506 1195 576 1253 lam
588 1192 719 1255 festinat
730 1211 788 1255 rex
800 1194 964 1277 eoelestis,

503 1296 834 1380 judexnosteratque
847 1301 957 1383 testis3
1072 1352 1075 1361 .

508 1401 696 1464 festinanter
707 1405 870 1486 apparebit
881 1431 890 1486 ς

508 1504 613 1567 omnis
627 1523 703 1568 earo
717 1524 799 1588 quae
812 1507 942 1572 videbit.

509 1655 696 1737 Apparebit,
711 1673 777 1718 non
790 1655 930 1718 tardabit
941 1681 949 1736 3

508 1757 615 1822 veniet
628 1775 666 1820 ae
683 1758 915 1822 demonstrabit

486 1925 488 1932 ,
509 1862 643 1942 gloriam
655 1881 755 1944 ¹quam
765 1867 949 1928 mereantur

509 1965 563 2046 qui
576 1983 634 2047 pro
649 1967 713 2030 fide
724 1969 928 2032 tribulantur.

510 2117 597 2197 0(b)!
613 2136 710 2198 quam
724 2118 812 2199 pium
825 2123 859 2181 et
870 2135 968 2198 quam
979 2120 1122 2198 gratum,

511 2240 608 2303 quam
619 2240 733 2305 suave,
748 2243 846 2306 quam
858 2228 1007 2309 beatum,

512 2328 661 2392 erittunc
674 2330 805 2394 Jhesum
819 2330 926 2396 videre
1023 2413 1026 2420 .

512 2435 562 2498 bis
576 2435 631 2516 qui
644 2455 718 2500 eum
731 2437 872 2501 dilexere
886 2437 892 2500 !

504 2580 601 2638 ·Tuno
612 2577 743 2657 thasus,
758 2577 861 2640 dulcis
875 2577 994 2642 affeebr

513 2683 545 2742 et
557 2680 759 2744 dulcissimus
772 2685 922 2764 aspectu,

514 2786 560 2849 sie
571 2788 720 2868 loquetur
731 2788 764 2851 in
777 2788 915 2868 affeetu,

516 2892 620 2956 omnis
628 2895 743 2974 oar0(l.
752 2893 857 2957 carnis
865 2892 929 2974 ‚liin
938 2897 1127 2976 conspeetu:

515 3039 577 3097 Vos
588 3035 621 3097 in
633 3053 684 3098 me
695 3035 749 3116 qui
764 3035 942 3100 credidistis

516 3141 549 3200 et
559 3139 613 3219 qui
628 3156 755 3202 meeum
766 3139 1000 3219 permansistis,

516 3242 570 3324 qui
582 3261 640 3322 pro
653 3261 705 3306 me
716 3243 800 3324 passi
811 3244 916 3308 fuistis
925 3294 943 3327 ,‚

518 3365 592 3412 ecee
603 3349 725 3412 bonum
738 3346 825 3428 quod
841 3348 1030 3429 quaesistis!

517 3489 598 3547 Eece
611 3502 746 3564 regnum
759 3485 848 3566 quod
858 3484 1014 3566 spopondi

518 3593 551 3652 et
563 3590 652 3670 quod
665 3591 841 3669 (blacteuus
857 3591 1009 3656 abscondi
1022 3591 1030 3653 ἔ

521 3697 612 3757 Nune
626 3693 744 3776 videte,
764 3714 851 3758 nuno
865 3697 997 3777 habete,

519 3816 607 3862 nuno
620 3802 770 3879 regnatm
784 3817 872 3863 nuno
886 3801 1033 3880 gaudete.

520 3943 608 4001 luno
621 3939 713 4002 electi
727 3939 928 4002 mirabuntur

521 4047 553 4104 et
566 4042 717 4106 mirantes
731 4045 955 4126 laetabuntur,
