2698 4970
503 445 645 500 „13-

170 572 269 647 Supra
284 568 450 630 ecclesiam
465 570 586 648 positus
600 571 702 649 gallus
716 573 826 632 contra
839 575 969 634 ventum

129 676 226 753 caput
237 672 423 752 diligentius
436 673 529 753 erigit
542 677 708 738 extentum
720 702 728 756 3

128 777 179 842 Sic
193 777 358 857 sacerdos,
372 777 425 839 ubi
438 778 498 840 soit
511 778 675 842 daemonis
686 781 858 856 adventum
871 827 880 862 ,

128 880 205 943 illuc
219 899 254 943 se
268 881 385 943 obiciat
395 886 439 956 (l)
453 900 510 960 pro
525 900 623 962 grege
634 883 811 947 bidentum.

169 994 293 1072 Gallus,
306 994 389 1057 inter
399 999 525 1058 caetera
538 996 637 1059 altilia
652 1001 695 1074 (2)
709 1001 891 1079 coelorum,

127 1098 219 1160 audit
237 1117 332 1179 super
346 1101 476 1162 aethera
490 1103 680 1162 concentum
696 1100 882 1180 angelorum
891 1127 900 1181 l

124 1207 214 1265 Tunc
226 1207 337 1265 monet
351 1221 410 1266 nos
422 1207 573 1266 excutere
586 1205 683 1267 verba
695 1205 872 1284 malorum⁷

127 1311 259 1386 gustare
273 1313 306 1372 et
317 1308 478 1389 percipere
491 1327 608 1372 arcana
622 1327 844 1389 supernorum.

167 1422 263 1496 Quasi
277 1441 334 1484 rex
346 1423 378 1485 in
392 1423 494 1503 capite
506 1425 608 1502 gallus
622 1428 818 1506 coronatur3'

128 1529 161 1590 in
175 1529 262 1628 pode‘
269 1527 463 1608 calcaribus,
481 1531 517 1589 ut
529 1528 636 1608 miles,
651 1533 809 1609 armatur3

124 1639 252 1710 Quanto
265 1637 336 1715 plus
347 1635 384 1697 fit
397 1633 503 1697 senior
514 1632 627 1713 pennis
640 1633 832 1714 deauratum

125 1739 159 1801 in
174 1741 269 1802 nocte
283 1739 360 1800 dum
372 1737 520 1801 concinat
533 1741 593 1815 [ut]
607 1739 658 1808 leo
672 1740 881 1802 conturbatur
897 1765 912 1801 =⁴

166 1851 216 1915 Sic
227 1855 311 1914 Deus
324 1869 380 1931 per
394 1850 501 1913 omnia
515 1850 652 1913 mundos
666 1855 698 1912 et
711 1855 842 1914 ornatos

127 1955 203 2019 fecit
216 1973 292 2017 suos
307 1954 439 2018 clericos
453 1971 522 2016 esse
536 1957 717 2017 coronatos.

124 2061 203 2126 Galli
218 2065 294 2125 sunl
307 2061 442 2124 calcaria
455 2063 488 2137 (l.
503 2060 682 2136 calcarati?)
694 2079 786 2124 more
799 2062 944 2145 militari5

124 2165 304 2246 castigandi
319 2166 453 2229 seminas
468 2159 549 2228 nutu
563 2149 717 2244 singulari
732 2193 739 2224 ι

124 2280 175 2344 Sic
187 2281 336 2343 sacerdos
350 2277 491 2358 corrigat
503 2277 583 2358 legis
596 2275 866 2356 transgressiones

123 2384 228 2448 verbis
247 2387 280 2446 et
293 2381 437 2464 flagitiiS,
449 2386 487 2445 ut
499 2383 579 2444 fiant
592 2381 749 2444 meliores

165 2491 273 2551 Gallus
284 2486 367 2568 regit
380 2487 548 2567 plurimam
559 2486 685 2548 turbam
701 2485 889 2565 gallinarum

123 2597 156 2656 et
173 2592 405 2657 sollicitudines
413 2610 548 2672 magnas
562 2591 659 2654 babet
672 2592 786 2654 barum
803 2619 810 2652 ι

121 2709 172 2773 Sic
186 2687 351 2788 sacerdos,
367 2706 550 2786 concipiens
561 2723 671 2768 curam
685 2705 885 2786 animarum,

125 2812 241 2874 doceat
253 2814 285 2873 et
299 2811 396 2874 laciet
408 2810 496 2890 quod
509 2814 574 2872 Deo
588 2809 630 2872 sit
643 2827 764 2872 carum.

164 2917 273 2977 Gallus
289 2933 424 2994 granum
436 2913 570 2994 reperit,
587 2917 744 2977 convocat
757 2931 891 2994 uxores⁷

122 3019 155 3076 et
173 3015 253 3077 illud
267 3015 428 3078 distribuit
440 3016 524 3078 inter
535 3015 674 3080 cariores
691 3045 698 3077 ι

123 3135 213 3196 Tales
228 3134 353 3198 discant
363 3135 470 3199 clerici
481 3135 608 3215 pietatis
620 3152 745 3215 moreS,

125 3240 233 3304 dando
250 3240 316 3302 suis
330 3241 465 3304 subditis
480 3239 708 3320 scripturarum
722 3241 836 3320 flores,

120 3343 171 3408 Sic
186 3361 244 3406 sua
259 3342 449 3405 distribuere
463 3340 587 3403 cunctis
602 3337 760 3402 derelictis

120 3455 153 3512 et
164 3469 275 3513 curam
290 3467 400 3530 gerere
412 3448 508 3512 nudis
522 3451 554 3510 et
565 3445 700 3510 afflictis.

162 3564 212 3626 Sic
226 3567 258 3625 et
270 3565 376 3626 bonus
387 3563 552 3643 presbyter
563 3559 618 3640 qui
632 3558 715 3639 pl'ebi
730 3559 791 3621 scit
804 3577 967 3640 praeesse,

118 3669 229 3749 pigros
242 3685 316 3730 cum
330 3665 508 3729 calcaribus
522 3679 657 3726 monens
672 3662 848 3742 indelesse‚
899 3738 903 3749 ¹

37 3900 63 3956 [1)
83 3899 121 3946 01
136 3903 217 3948 trouve
228 3896 278 3953 ddja
297 3895 373 3940 obicio
387 3907 443 3952 pour
462 3893 548 3950 objicio
583 3891 687 3948 pratum
704 3905 769 3950 pour
788 3904 903 3949 mengum
929 3896 1046 3950 peut-ebe
1071 3893 1128 3940 ainsi

5 3961 52 4004 lans
61 3960 162 4010 Lucain,
174 3959 188 4003 l.
198 3970 253 4013 rur,
264 3971 286 4004 v.
295 3963 349 4004 ²196:
585 3954 663 3999 laur-il
677 3955 717 4000 liro
733 3957 835 3999 caeteros
851 3953 935 4007 aliter,
955 3967 981 4000 ce
1001 3956 1039 4011 qul
1055 3956 1128 4000 aurait

584 4016 694 4062 d'ailleurs
712 4015 836 4072 l'arantage
853 4017 880 4060 de
891 4029 994 4066 remorer
1010 4019 1029 4062 le
1046 4017 1128 4079 second

585 4077 714 4122 hemisticbe
727 4091 755 4123 au
768 4077 859 4121 nombre
876 4077 973 4128 babitucl
990 4079 1016 4122 de
1031 4078 1064 4122 six
1079 4079 1128 4133 spl-

38 4144 66 4200 (2)
86 4141 175 4187 allilia
195 4140 299 4198 signillait
322 4141 360 4185 des
380 4141 483 4184 oiaruucc
503 4151 547 4183 eu·
585 4141 654 4184 labes,

29 4051 66 4083 Cur
75 4059 137 4084 annos
147 4049 220 4082 obicis?
229 4057 302 4091 pugnae
311 4057 344 4081 cur
353 4055 421 4089 arguor
430 4046 504 4087 impuri
