2662 4968
476 403 638 460 -rra-

135 521 192 582 sed
206 524 361 586 foetorem
376 515 491 590 sentiet
504 544 626 608 poenae
641 529 842 612 gehennalis,

135 627 201 692 sive
214 629 256 691 sit
270 631 455 716 episcopus,
472 636 538 700 sive
552 635 733 700 cardinalis.
750 689 753 694 .

135 763 178 824 lbi
194 764 272 827 nihil
288 765 416 830 dabitur
429 769 534 832 bullae
548 775 592 847 (l)
606 771 655 834 vel
668 772 831 854 scriptori,

136 869 214 933 nihil
228 873 420 956 camerario,
437 876 514 939 niort
525 875 677 960 janitori,

136 981 193 1042 sed
204 980 367 1044 dabuntur
380 987 542 1062 praesules
554 988 693 1066 pessimo
706 986 819 1051 tortori
832 1013 840 1066 3

135 1087 252 1167 quibus
266 1088 327 1152 erit
340 1089 446 1154 vivere
459 1091 528 1156 sine
542 1093 606 1156 fine
616 1094 709 1156 mori.

137 1221 228 1303 Apud
241 1226 368 1287 nostros
379 1224 504 1303 jndices
515 1227 588 1305 jura
603 1227 833 1290 subvertuntur

138 1328 236 1407 etqui
249 1331 337 1409 leges
347 1331 473 1394 -laciunt
485 1332 555 1411 lege
566 1349 633 1395 non
645 1335 821 1413 reguntur,

137 1453 204 1498 non
218 1435 390 1502 intendunt
400 1441 444 1516 (2)
458 1438 564 1501 miseri
577 1440 661 1502 mala
676 1457 758 1520 quae
772 1442 961 1520 sequuntur,

138 1543 238 1622 etqui
251 1543 405 1608 damnant
420 1545 500 1608 alios
513 1546 605 1627 primi
625 1548 874 1612 damnabuntur.

138 1676 352 1738 Antenorem
365 1678 509 1742 omnium
521 1694 650 1758 surgam
665 1681 851 1762 locuturus,

139 1782 243 1845 omnis
257 1785 361 1846 clerus
375 1785 504 1866 audiat,
524 1786 660 1866 simplex
670 1790 702 1850 et
715 1792 881 1868 maturus,

140 1890 219 1953 nihil
233 1895 282 1954 est
295 1892 383 1971 quod
395 1891 510 1974 timeo,
526 1894 618 1958 valde
632 1914 704 1958 sum
718 1914 853 1959 securus
865 1922 873 1976 3

139 2015 230 2059 meus
241 2015 346 2062 senno
359 2000 497 2078 percutit
510 2002 597 2064 velut
609 2003 694 2066 ensis
709 2003 809 2066 durus
822 2007 832 2080 (
855 2004 874 2079 l.

139 2133 294 2196 Puniendi
307 2136 468 2214 praesules
482 2139 558 2200 sunt
572 2141 604 2201 et
617 2140 811 2220 cardinales,

140 2240 272 2304 abbates
286 2243 318 2302 et
330 2243 499 2324 monachi,
515 2243 627 2324 nigrae
640 2246 811 2327 moniales,

141 2348 323 2410 sacerdotes
337 2348 472 2431 aemuli,
488 2349 593 2413 clerici
607 2353 754 2433 venales,

142 2455 376 2534 congregantes
389 2451 517 2517 insimul
531 2473 607 2536 opes
622 2459 824 2537 temporales.

142 2601 268 2673 Quanto
281 2600 353 2680 plus
364 2601 585 2682 accumulant,
601 2601 691 2664 tanto
705 2603 777 2684 plus
791 2603 1014 2681 marcescunt,

143 2709 220 2767 sunt
230 2707 318 2770 velut
329 2705 518 2787 (hlydropici
534 2726 673 2788 quorum
686 2711 771 2772 mala
785 2711 956 2789 crescunt,

144 2813 222 2876 dum
234 2813 305 2892 plus
318 2811 450 2888 bibunt,
468 2813 580 2876 sitiunt
593 2816 696 2895 magis
711 2819 743 2878 et
757 2818 928 2895 arescunt,

144 2937 182 2982 ac
197 2918 284 2982 avari
297 2918 403 2981 miseri
417 2937 583 3000 nunquam
596 2923 811 3002 requiescunt.

144 3059 226 3134 Quid
240 3063 289 3122 est
301 3061 439 3124 avaricia
453 3061 513 3125 nisi
528 3063 599 3127 vilis
613 3066 734 3146 cultus,

144 3168 322 3230 vanitatum
333 3168 474 3251 vanitaS,
493 3167 638 3234 cordium
651 3173 809 3235 tumultus
820 3171 884 3252 (Ν

145 3275 237 3337 Miser
250 3279 419 3356 postquam
436 3277 556 3357 tegitur
569 3275 622 3341 vili
636 3281 843 3360 tegumento,

147 3382 184 3444 lit
197 3384 356 3462 sepultus,
375 3387 485 3463 postea
499 3385 596 3448 miser
611 3386 644 3448 in
658 3389 830 3450 tormento.

36 3628 63 3682 [ll
78 3629 115 3672 Au
124 3634 193 3671 sceau
204 3630 227 3670 et
238 3637 279 3682 par
289 3628 404 3672 extensior
414 3639 459 3671 aux
473 3629 554 3684 propo-
617 3631 644 3688 (2)
659 3630 905 3676 Semiramidem
917 3631 1015 3676 Flauius.

14 3690 43 3734 ee's
57 3702 87 3734 au
107 3687 327 3742 rosenmullerus,
346 3689 382 3734 oa
396 3688 556 3745 tamaianam

13 3752 62 3796 lans
75 3763 121 3796 une
133 3751 207 3796 &rire
218 3751 246 3796 de
257 3751 332 3796 Galim
341 3752 449 3796 contrela
459 3752 518 3798 Gour
527 3752 554 3796 de
615 3733 644 3790 (δ’)
659 3732 722 3778 Gelil*
736 3733 826 3789 Slr⁰l¹hl
841 3738 865 3804 ,⁹²
877 3732 910 3778 ¹0⁸
927 3739 1008 3789 ‘lutire
1022 3733 1140 3778 suivant&

14 3813 80 3858 nome
92 3827 98 3857 ι
592 3799 714 3850 manqucnt
723 3793 882 3839 dansl'lacrua.

16 3887 61 3928 ΡΨ
70 3888 154 3928 quaeat,
167 3885 252 3940 ΜΨ
261 3885 344 3926 quaerre,
356 3885 407 3917 '³⁰¹¹‘
417 3885 499 3925 ‘¹¹¹²“str
619 3892 650 3946 (l)
663 3891 681 3934 ll
691 3902 789 3946 manuue
799 3892 827 3936 ici
837 3890 1007 3947 probablemeot
1014 3889 1073 3936 deux
1083 3897 1140 3934 rare

14 3937 61 3968 none
70 3932 151 3973 quaerit,
159 3931 262 3964 aruinam
268 3930 398 3972 (memorant,
406 3937 469 3962 cursor
477 3929 548 3969 queant

14 3984 72 4008 omna.
82 3979 189 4016 qaum-ra
201 3978 221 4008 aa
228 3976 245 4008 n
254 3975 304 4015 quoa
313 3974 346 4007 aa·
355 3975 389 4006 un
398 3974 466 4014 asaia,
549 3953 554 3970 ¹
593 3953 697 3997 termines
707 3965 735 3997 en
743 3952 820 4007 ultus,
830 3959 853 3998 et
860 3954 917 3998 deux
927 3964 978 3998 vers
987 3952 1026 4008 qui
1036 3951 1139 4024 finissent

15 4024 69 4052 monn
80 4029 131 4053 mm
140 4021 213 4053 num
222 4024 261 4061 aar,
279 4023 318 4052 toan
326 4027 383 4052 eausa
391 4019 445 4059 parit.
592 4025 619 4058 en
632 4015 692 4058 ento.

62 4079 126 4124 Dans
141 4078 173 4125 Μ.
184 4077 280 4134 Wriglrt,
296 4075 478 4132 Wolterllapea,
490 4087 511 4132 p.
522 4081 555 4120 58.
