2672 4968
489 400 651 456 -2192-

249 524 283 582 ut
294 523 355 585 hoc
366 522 476 585 vinum
489 522 576 603 quod
589 521 705 588 binatis

327 629 427 709 possit
439 630 692 711 vos-strangules.

249 776 295 839 Ad
306 776 368 837 hoe
380 775 512 838 verbum
525 774 739 840 prinnannus
750 819 759 853 ‚

197 894 199 898 ’
248 880 412 942 iurabatur
425 879 508 943 sicut
520 897 632 960 ursus,

248 1004 344 1049 unam
358 986 460 1054 vinem
474 989 571 1066 atque
579 1003 694 1048 ‚rennes

326 1089 537 1153 momordavit
553 1089 646 1153 labie.

247 1237 386 1300 Tandem
400 1236 480 1299 dixit
491 1236 531 1299 ed
548 1283 666 1300 ......
688 1257 695 1290 τ

251 1386 345 1403 .....
360 1339 445 1422 vilis,
457 1341 611 1420 gnicione
622 1390 631 1422 ,

166 1439 168 1444 ’
247 1445 408 1526 quondam
418 1445 526 1512 discus
539 1447 579 1508 de
590 1449 740 1527 pulmone

328 1551 388 1616 fuit
401 1551 457 1615 tibi
472 1551 598 1632 gaudie.

249 1709 336 1768 Nune
350 1709 432 1768 tues
446 1706 670 1797 canonizatus,

249 1814 282 1873 et
293 1810 332 1874 de
342 1811 421 1876 nihii
434 1814 593 1893 elevatus,

248 1914 331 1979 sieut
343 1934 451 1997 regem
465 1918 513 1981 vis
524 1921 691 1999 pascetuS,

329 2024 361 2084 et
374 2021 407 2084 in
421 2024 525 2103 major
538 2023 640 2103 eopia.

203 2161 210 2174 “
250 2161 351 2236 Habes
360 2163 484 2244 justum
497 2165 530 2230 et
542 2161 719 2241 micheam,

250 2269 283 2328 et
294 2265 456 2331 servisiam
469 2267 699 2346 humentem,

251 2372 337 2435 unde
349 2371 433 2451 regis
446 2375 553 2452 posset
564 2389 635 2442 eam

330 2473 410 2537 bibit
425 2492 499 2544 eum
513 2473 643 2544 laetitia.

251 2609 376 2672 Nullum
390 2627 501 2672 cernes
515 2611 739 2692 comedetis,

251 2730 354 2793 neque
366 2712 468 2793 pisces
480 2714 668 2795 perennis,

252 2813 366 2880 lactem
378 2836 506 2899 quoque
516 2820 698 2902 denegatis,

333 2921 378 2984 sie
391 2926 422 2985 te
433 2923 510 2987 feeit
520 2917 636 2990 sobria.

255 3055 380 3120 Nullum
392 3057 450 3122 tibi
463 3059 689 3142 essebonum,

253 3178 356 3240 neque
368 3161 423 3224 tihi
438 3161 479 3225 sit
492 3165 682 3244 scabellum,

253 3280 362 3326 mensa
376 3263 432 3326 tibi
447 3263 488 3334 sit
500 3267 652 3346 patenum
727 3311 729 3322 ·

332 3387 398 3431 non
409 3370 530 3431 habeus
542 3371 574 3449 (i.
590 3371 723 3448 habens)
734 3370 900 3452 mappalia.

254 3508 352 3585 Super
364 3510 482 3570 terram
495 3505 541 3570 sie
554 3507 694 3589 sedehiS‚

255 3627 314 3672 nee
327 3610 442 3680 abinde
455 3611 631 3674 removebis
642 3638 650 3692 3

252 3714 340 3796 velis
356 3715 449 3796 nolis,
465 3715 511 3778 sie
525 3716 683 3798 manebis,

331 3818 364 3881 in
379 3820 459 3882 haee
472 3819 649 3883 refectoria.

253 3950 416 4013 posthaec
431 3949 498 4011 dies
509 3951 667 4014 accedetis

256 4053 296 4116 ad
309 4053 424 4118 Peioris
435 4058 468 4120 et
478 4055 606 4117 Abbatis
