2676 4968
697 401 864 456 -398-

360 537 449 604 cras,
466 541 482 583 »
496 519 618 602 inquit,
635 543 651 580 ι(
665 521 749 586 dictu
763 521 967 604 conditione,
982 523 1099 603 petam.
1114 543 1130 579 a

319 625 441 690 Laudat
453 629 486 690 et
499 627 561 690 hoc
575 629 770 708 bechemos,
786 631 835 710 et,
851 647 926 692 oum
939 629 979 691 de
992 631 1087 692 nocte
1099 627 1272 710 requirens,

359 736 475 798 cuncta
489 735 604 815 refert,
618 736 736 814 etpost
749 733 823 797 talia
838 739 1077 798 commemorat.

321 864 337 899 ι(
351 837 560 922 praeteriere,
573 843 652 920 puto
662 888 670 922 ,
681 842 749 920 iam
762 843 827 903 tres
841 844 897 904 aut
910 843 1049 921 quatuor
1060 841 1136 904 anni
1149 889 1158 924 ‚

359 965 400 1011 ex
413 964 478 1027 quo
489 949 599 1010 sancta
612 946 727 1010 domus
741 947 820 1011 hace
833 947 911 1011 mihi
927 952 1003 1012 nota
1017 949 1100 1032 iuit3

318 1057 407 1118 Tunc
419 1053 495 1117 mihi
511 1052 619 1118 dixisti
630 1054 736 1136 quod,
755 1073 807 1118 mc
822 1055 974 1137 iaciente,
991 1059 1142 1138 peribunt

357 1161 526 1246 texuero,
540 1177 631 1224 sacra
644 1159 742 1242 fides,
757 1161 963 1245 conjugium,
978 1164 1153 1226 lavacrum.

317 1266 371 1330 liis
381 1265 556 1347 adjunxisti
569 1267 818 1350 quamplurima,
832 1286 922 1332 more
935 1271 1128 1350 prophetae,

357 1377 452 1437 antea
466 1392 563 1456 quam
576 1374 706 1439 veniant
718 1375 883 1438 notificata
896 1375 952 1438 tibi
965 1402 973 1456 3

317 1483 371 1564 nt,
386 1479 413 1544 si
427 1481 583 1562 praevidit
593 1499 650 1562 per
660 1499 712 1546 me
725 1485 808 1545 Deus
822 1482 883 1545 ista
898 1484 1004 1545 iutura
1018 1531 1026 1564 ,

357 1591 394 1652 ut
407 1588 610 1672 praedixisti,
625 1607 676 1653 res
689 1589 734 1652 ita
749 1589 925 1670 proveniet.

317 1694 367 1759 Sic
380 1693 479 1774 igitur
491 1694 605 1759 Christi
620 1696 783 1758 destructa
797 1697 868 1778 lege
884 1695 1032 1777 fideque,
1074 1742 1076 1747 -

356 1802 390 1865 in
404 1803 521 1866 baratri
536 1821 655 1884 poenas
670 1805 799 1867 corruet
812 1802 917 1868 omnis
929 1805 1047 1883 hom03

315 1914 393 1972 Nam
406 1909 466 1972 nisi
480 1910 535 1991 qui
548 1910 644 1974 tuerit
656 1910 805 1991 baptismi
818 1914 907 1975 tonte
920 1915 1052 1974 renatus

356 2015 398 2078 ad
412 2015 524 2079 Christi
540 2034 676 2097 regnum
691 2018 798 2080 nullus
812 2017 942 2081 habebit
955 2017 1025 2080 iter.

316 2125 464 2184 Attamen
478 2123 558 2186 haec
571 2122 663 2185 aliter
678 2122 746 2186 heri
765 2125 901 2188 sortasse
914 2125 1078 2203 valerent,

355 2227 382 2290 si
397 2227 515 2292 nostris
528 2230 625 2292 velles
639 2228 770 2293 credere
783 2229 943 2312 consiliis3

314 2333 509 2398 Christicolis
522 2333 591 2398 aliis
603 2334 773 2399 destructis
787 2338 823 2397 tu
836 2351 1036 2416 superesseS‚

355 2443 388 2504 et
401 2442 554 2523 templum
567 2445 674 2506 tecum
686 2443 741 2523 (1),
756 2441 963 2523 discipulique
977 2439 1023 2503 tui
1038 2465 1046 2521 ς

314 2550 369 2630 nt,
383 2546 555 2611 miserante
568 2552 652 2630 Deo,
669 2547 797 2611 modico
812 2547 985 2613 desemine
998 2547 1107 2626 posset

354 2655 468 2719 Christi
483 2657 643 2720 cultorum
657 2673 790 2736 surgere
803 2674 921 2736 magna
936 2672 1038 2734 seges.
1056 2675 1072 2712 o

314 2764 450 2827 Sanctus
461 2762 503 2824 ad
516 2762 618 2825 haec=
635 2785 651 2820 o
663 2766 738 2826 tura
753 2765 785 2825 te
798 2779 865 2824 non
879 2763 1021 2826 evertere
1035 2759 1210 2838 templum,

354 2869 505 2949 quodque
518 2868 595 2931 mihi
609 2886 722 2949 parcas
735 2868 962 2950 discipuhsque
975 2867 1076 2948 meis,

315 2978 354 3039 Et
366 2975 482 3039 faciam
494 2994 705 3058 quaecunque
718 2979 821 3059 votes,
837 2974 1061 3040 tantummodo
1073 2990 1140 3035 non
1151 2971 1216 3034 sint

354 3083 507 3148 adversus
519 3085 643 3149 Domini
653 3088 744 3165 jussa
757 3100 945 3165 sacramque
959 3083 1067 3145 fidem.
1085 3101 1100 3137 o

314 3193 564 3257 xenophontes:
582 3216 598 3251 o
613 3192 737 3257 Christo
752 3190 912 3255 contraria
925 3190 1027 3252 multa
1039 3186 1191 3253 videntur

354 3319 438 3382 quae
451 3300 672 3382 dispensanter
685 3303 730 3382 (2)
742 3316 838 3379 saepe
851 3298 927 3361 licet
939 3296 1020 3361 fieri.
1038 3316 1054 3354 »

313 3413 449 3476 Sanctus
462 3408 507 3471 ait
519 3436 527 3471 ι
544 3431 561 3468 «
573 3406 624 3472 Sic
636 3411 707 3490 est;
722 3406 774 3470 dic
787 3405 875 3486 quod
888 3407 1010 3486 placet,
1025 3403 1165 3483 imple03
1181 3401 1297 3462 tanturn

354 3520 498 3582 servetur
510 3532 619 3579 semen
631 3514 833 3579 christicolae
846 3512 965 3593 populi.
980 3533 997 3568 »

312 3624 434 3688 iuravit
444 3625 623 3687 Machomes
637 3625 670 3685 et
682 3620 823 3685 subdidit
837 3648 844 3682 ι
863 3642 878 3678 «
892 3621 946 3681 Est
958 3617 1036 3680 mihi
1052 3617 1197 3694 conJunx

353 3731 511 3794 excellens
525 3732 626 3811 sama,
642 3727 776 3809 divitiis,
793 3743 909 3807 genere
924 3751 933 3806 3

239 4035 270 4093 (1)
285 4034 386 4082 solimae
401 4033 513 4092 temptum
523 4031 617 4078 danen.
815 4029 843 4084 (a)
864 4028 910 4072 Par
931 4039 975 4070 une
989 4025 1107 4081 disponam
1129 4034 1156 4068 ce
1179 4026 1226 4066 mor
1242 4021 1320 4069 mamm

787 4092 842 4136 dans
855 4089 876 4134 ia
889 4087 991 4133 nouvehe
1004 4086 1087 4131 edition
1102 4085 1130 4130 de
1141 4084 1171 4128 du
1183 4083 1267 4137 Gange.
