2662 4968
469 409 624 466 -137-

266 528 316 590 vel
332 527 365 589 in
378 528 484 610 plebe,
500 533 550 594 vel
563 533 597 598 in
610 535 714 616 clero,

263 633 318 694 Vel
334 632 368 696 in
382 635 538 718 elaustro,
553 639 601 702 vel
619 639 653 702 in
667 619 755 722 l0r03

265 737 319 800 ubi
333 737 412 802 fidos
424 739 465 802 sit
478 741 612 824 ign0r03

264 839 374 920 Fides,
389 842 501 908 nullibi
516 848 665 927 apparet,

266 946 353 1007 totus
366 947 507 1010 mundus
519 948 582 1012 lide
596 953 694 1014 earet.

264 1047 359 1110 Filius
373 1067 439 1113 non
452 1055 559 1116 servat
570 1053 652 1133 patri

265 1152 380 1236 fidem,
402 1173 506 1236 neque
520 1159 618 1221 irater
632 1159 733 1222 fratri.

262 1257 348 1321 Heu!
365 1260 405 1323 de
418 1262 494 1325 sede
508 1280 566 1326 sua
581 1264 647 1326 ruit

262 1362 359 1446 tides,
374 1382 458 1444 quae
471 1369 538 1430 tarn
552 1367 643 1431 firma
657 1367 737 1450 luit,
755 1433 759 1442 ,

261 1469 448 1552 Quondam3
468 1474 502 1534 et
513 1490 572 1552 pru
583 1490 621 1536 ea
630 1473 729 1544 dolus

262 1573 439 1654 triumphat
451 1593 507 1656 per
520 1578 631 1640 orbem
644 1579 750 1658 solus,

266 1682 342 1740 Tam
355 1683 503 1760 potenter
515 1685 548 1746 et
561 1685 627 1746 tam
640 1681 709 1744 dire

265 1785 390 1865 nequis
404 1788 504 1867 possit
517 1791 629 1852 eontra
643 1788 699 1852 ire.

262 1890 422 1971 Quidquid
437 1893 529 1956 dolus
537 1895 630 1974 jubet
643 1911 730 1975 esse,

265 1996 328 2058 boe
340 1996 450 2061 inferri
463 2003 505 2078 (1)
518 2002 567 2062 est
579 2015 733 2080 neeesse-3

263 2101 371 2164 Clarus
384 2104 583 2183 populusque
597 2106 685 2166 totus

266 2203 340 2267 dolo
355 2206 500 2286 subjacet
512 2206 657 2270 devotus.

305 2311 402 2372 Dolus
414 2327 547 2391 papam,
566 2311 744 2374 cardinales

265 2417 297 2476 et
312 2415 478 2496 episeopus
491 2418 605 2478 letales

266 2515 359 2596 Regit
372 2519 404 2579 et
417 2516 535 2597 ubique
549 2533 641 2597 reges
654 2543 662 2577 ι

268 2622 360 2685 dolus
374 2625 495 2703 glossat
503 2625 596 2705 jura,
610 2626 707 2704 leges,

267 2729 363 2791 Dolus
376 2727 483 2791 omnia
496 2746 555 2810 pro
570 2732 646 2792 votn
690 2767 696 2778 ·

268 2831 408 2913 disponit
420 2833 454 2896 in
469 2833 546 2897 orbe
560 2835 641 2897 toto.

265 2938 326 3012 Qui
340 2955 413 3001 curn
428 2938 503 3001 dolo
517 2941 762 3020 conversantur,

268 3043 311 3106 illi
321 3046 397 3106 sunt
410 3043 464 3123 qui
478 3043 717 3124 principantur3

268 3145 328 3209 Sed
342 3144 395 3225 qui
411 3144 521 3208 dolum
535 3163 608 3209 vere
622 3145 725 3208 nescit

269 3252 318 3312 est
330 3251 475 3329 abjectus
487 3250 520 3310 et
532 3248 674 3329 vilescit,

268 3357 307 3418 Et
319 3358 453 3418 vocatur
465 3354 565 3417 idiota
577 3379 586 3434 3

184 3443 187 3450 Δ
269 3476 336 3522 non
350 3460 400 3521 est
412 3459 530 3539 dignus
543 3477 608 3520 una
618 3460 698 3538 jota.

267 3565 400 3630 Praelati
415 3565 620 3628 eeclesiarum

267 3670 388 3732 habent
401 3669 511 3733 dolum
522 3669 614 3732 valde
628 3685 758 3750 carum3

267 3777 346 3835 Nam
358 3791 415 3854 per
428 3773 538 3836 dolum
550 3773 810 3854 praebendantur

270 3879 303 3939 et
315 3880 462 3958 potenter
477 3877 694 3942 dominantur.

29 4090 52 4144 u)
65 4089 162 4148 laserre
176 4091 232 4138 dana
247 4091 400 4150 llaogeargus.
