2698 4970
706 431 745 438 -
760 403 797 455 60
811 429 851 438 .-

265 523 301 580 Et
314 538 395 600 aqua
407 522 577 602 sapientiae
587 524 733 586 salutans
746 523 982 604 potentinum,

542 637 580 698 Ut
595 639 740 716 paradysi
756 637 862 716 navins

540 749 630 803 totam
649 743 746 804 orbem
764 741 927 804 coelestitia

535 850 681 928 irriynrat
699 849 891 929 daamnnbns.

264 976 488 1039 sternantur
500 976 533 1038 in
546 976 617 1058 illo,
635 982 667 1040 et
680 997 745 1041 non
758 979 921 1060 flectetur3
936 980 968 1040 et
981 976 1154 1040 continebit
1167 978 1280 1058 illuni,
1305 981 1330 1037 et

225 1098 289 1142 non
302 1081 527 1164 contundetur,

542 1191 580 1251 tn
597 1208 666 1252 arae
683 1190 767 1268 Syan
777 1191 889 1269 positas

535 1301 714 1372 permaneat
728 1292 894 1354 airtntitaa.

267 1420 304 1478 Et
316 1418 467 1479 exaltavit
478 1417 566 1480 illurn
580 1418 665 1498 apud
677 1417 839 1498 proximos
853 1434 946 1497 suna,

542 1532 619 1595 Cam
632 1552 725 1613 acano
739 1533 843 1594 mnndi
853 1532 955 1613 jndice

538 1639 642 1699 tarano
655 1640 800 1700 sedentem
810 1638 934 1718 alariae.

265 1773 298 1830 ln
312 1768 417 1831 medio
428 1768 585 1831 Ecclesiae
598 1767 721 1848 aperuit
734 1786 770 1831 os
783 1771 870 1849 ejus,

540 1881 579 1942 ln
591 1900 659 1944 coca
674 1882 863 1962 nannetica,

540 1988 582 2048 nat
599 1987 702 2048 divina
721 1988 895 2065 praeconia.

266 2122 304 2181 Et
316 2117 454 2198 implevit
466 2117 554 2180 illum
565 2116 676 2197 spiritu
689 2117 861 2196 sapientiae
875 2119 908 2179 et
918 2117 1115 2195 intellectus,

544 2233 582 2294 tn
590 2249 670 2294 tnnc
678 2232 782 2294 voians
795 2232 915 2311 aqniiac

541 2343 646 2416 spectet
659 2337 749 2397 selena
761 2334 907 2416 justitiae.

268 2469 305 2528 Et
318 2467 431 2529 stolam
437 2467 469 2546 (l.
485 2466 595 2544 stolat)
604 2464 723 2545 gloriae
734 2463 838 2527 induit
850 2480 942 2544 eum,

540 2581 623 2641 Inter
632 2580 811 2641 Sanctorum
822 2581 946 2659 aomina

544 2685 659 2746 anonis
672 2684 834 2745 rutilantia

543 2801 570 2853 et
584 2793 647 2853 tace
663 2792 734 2852 solis
752 2790 892 2852 candida.

268 2923 497 2986 iocunditatem
511 2926 544 2984 et
556 2920 784 2983 exultationem
798 2917 1020 2981 thesaurisavit
1030 2935 1124 2999 super
1138 2938 1230 3002 eum,

541 3035 579 3096 In
596 3035 769 3115 anactoram
786 3033 872 3094 caria

537 3158 594 3218 per
612 3139 689 3216 secta
705 3137 900 3198 immortalia.

269 3267 306 3326 at
319 3264 446 3327 nomine
458 3268 587 3327 aeterno
599 3263 808 3326 haereditabit
820 3263 926 3343 illurn,

544 3379 636 3454 wem
653 3377 762 3438 attenta
777 3394 853 3454 prae
873 3373 1002 3436 omnibns

542 3481 645 3541 aniana
663 3479 718 3540 Dei
732 3479 829 3557 filins,

268 3607 418 3670 Dominus
431 3611 512 3670 Deus
525 3609 642 3670 noster.

550 3720 576 3781 0
591 3719 768 3791 lemanna
784 3717 928 3797 theoloye,

551 3824 577 3885 0
595 3821 928 3898 tarentinensem,

548 3928 605 3988 tais
621 3927 712 3988 laetos
732 3923 881 3986 solemniis

548 4034 620 4096 coeti
638 4031 778 4113 conjnnqc
791 4029 907 4112 qaadiis
916 4030 930 4086 t
