2662 4968
695 396 805 451 -lau
828 425 855 435 -

357 519 482 581 Nullum
496 520 685 601 corripiunt,
706 521 865 600 castigant
877 520 1056 601 neminem⁷

357 627 541 707 nullumque
555 631 730 708 provocant
743 627 783 689 ad
797 625 1034 706 poenitentiam.

395 737 454 796 Per
466 732 629 796 usurarios
643 737 706 796 Deo
720 732 869 813 odibiles,
931 781 934 788 ,

356 841 445 902 lucro
457 839 611 920 pecuniae
624 839 836 919 insatiabiles,

355 945 449 1008 Fiunt
462 946 499 1008 in
508 948 637 1010 saeculo
650 946 789 1010 maxima
804 945 955 1027 crimina,

354 1051 492 1130 perillus
504 1053 629 1133 plurimi
641 1056 779 1134 pergunt
792 1052 832 1116 ad
846 1056 987 1116 Tartara.

355 1159 401 1219 Ob
414 1159 606 1223 desiderium
619 1178 697 1224 suae
710 1159 865 1240 pecuniae

354 1281 450 1344 quam
464 1283 588 1345 semper
597 1265 712 1330 sitiunt
724 1265 830 1332 usuris
843 1283 1005 1345 creseere,

354 1371 537 1450 Expoliatae
551 1375 627 1436 sunt
637 1373 744 1451 plures
758 1372 928 1453 ecclesiae,

354 1476 395 1538 ad
408 1494 615 1558 quascunque
627 1479 735 1542 valent
746 1480 780 1554 (l.
791 1480 903 1542 volunt
912 1481 935 1547 l>
945 1495 1060 1541 manus
1074 1478 1246 1558 imponere.

353 1582 444 1662 Rapti
459 1587 534 1646 sunt
547 1584 662 1648 calices
676 1588 709 1647 ct
720 1602 832 1648 cruces
845 1584 1002 1666 optimae,

355 1691 495 1772 tentique
509 1692 614 1774 aurei,
636 1694 669 1754 ct
681 1693 785 1755 honac
798 1693 944 1774 mutilae,

354 1797 451 1862 Simul
466 1799 590 1860 ablatae
603 1801 680 1860 sunt
692 1799 855 1879 platanus,
876 1798 993 1878 pallia,

355 1904 446 1966 albae
459 1907 491 1965 et
504 1906 629 1984 tapeta,
643 1904 759 1984 stolae,
774 1903 912 1968 dorsalia
925 1905 979 1984 (l).

356 2010 401 2073 llli
421 2010 598 2092 maledicti,
620 2015 773 2092 tanquam
789 2010 975 2093 hydropici,

357 2137 473 2181 munus
486 2119 630 2182 sitientes
643 2120 788 2182 conferre
801 2118 943 2200 muneri,

355 2227 519 2290 Nullorum
533 2244 708 2308 pauperum
722 2229 854 2306 parcent
867 2224 1001 2306 inopiis,

356 2332 409 2414 qui
423 2337 559 2414 parcunt
573 2333 702 2396 minime
717 2331 836 2396 sanctis
848 2331 1000 2396 ecclesiis.

355 2445 415 2503 Per
428 2440 498 2504 illus
511 2444 581 2504 orta
593 2444 669 2503 sunt
682 2441 863 2519 frequenter
877 2437 968 2520 odia,

362 2550 456 2628 atque
468 2547 666 2628 frequentius
678 2546 750 2610 lites
762 2547 794 2608 et
807 2544 943 2626 praeiia3

358 2659 416 2721 Per
429 2657 488 2717 hos
501 2653 687 2717 multotiens
697 2653 734 2716 fit
746 2651 971 2732 homicidium,

358 2766 391 2825 et
403 2760 556 2824 mentitur
567 2761 646 2826 fides
654 2760 774 2842 ,litque
787 2759 974 2840 perjurium.

359 2869 394 2932 Hi
409 2870 488 2932 tales
502 2869 664 2949 honrines,
679 2866 761 2930 servi
773 2866 943 2948 pecuniae,

360 2977 483 3040 Domini
497 2977 571 3041 lacti
584 2979 660 3039 sunt
670 2977 807 3054 magnae
818 2974 999 3054 provinciae
1012 2999 1021 3056 ς

360 3085 395 3147 Ηί
410 3104 467 3165 pro
479 3087 560 3150 velle
571 3102 630 3147 suo
644 3082 809 3164 possident
821 3084 997 3164 saeculum,

361 3209 561 3272 egenumque
575 3189 633 3252 sibi
648 3190 824 3268 subjugant
835 3189 997 3268 populum.

361 3298 414 3360 llis
426 3315 536 3378 aegea,
555 3294 711 3378 principes
724 3311 781 3374 per
794 3311 889 3356 omne
900 3297 1063 3362 saeculum

362 3422 458 3484 super
467 3401 685 3484 pauperrimos
698 3401 851 3486 praeirent
864 3401 1041 3465 dominium
1055 3453 1063 3484 ,

364 3512 436 3574 lllcs
449 3510 695 3590 amplectuntur,
717 3504 787 3569 illos
802 3507 1026 3590 magnificant,

362 3623 395 3681 et
407 3620 600 3682 venerantur
609 3616 818 3692 (lvenerant)
830 3633 885 3678 cus
896 3616 986 3696 quasi
1003 3615 1195 3696 pertineant.
1298 3635 1307 3668 ι

251 3838 280 3891 (tl
294 3834 324 3880 Cc
343 3839 388 3878 mot
401 3832 549 3888 n'appartieut
567 3828 636 3884 pesa
653 3828 673 3872 la
693 3829 766 3873 bonne
801 3832 816 3874 1.
831 3843 850 3882 ι,
866 3831 902 3875 clr.
918 3843 955 3881 ιιι,
971 3845 1019 3887 par.
1037 3838 1072 3877 23.
1094 3834 1139 3878 Par
1155 3845 1201 3877 uus
1221 3827 1318 3884 conuptit

225 3898 325 3950 latinae,
341 3896 397 3940 mais
410 3892 557 3949 l'explication
577 3890 604 3936 de
621 3889 721 3936 Duraudi
738 3901 766 3936 us
802 3891 916 3947 lrtqmntc
930 3904 958 3937 cn
969 3894 1035 3940 discit
1049 3893 1110 3938 aussi
1125 3893 1235 3947 morale,
1247 3899 1269 3937 ct
1279 3889 1318 3934 ma

226 3961 291 4006 laissa
305 3960 353 4004 rien
370 3959 383 4002 l
401 3957 484 4000 dcsrrcr
500 3964 539 3998 eur
553 3963 578 3996 sa
597 3951 743 4008 signification
759 3965 766 3996 a
802 3967 815 3998 a
832 3957 939 3999 conservat
957 3956 977 4000 la
989 3961 1061 4000 meme
1075 3955 1226 4012 signification
1237 3966 1265 3998 cn
1276 3960 1318 4004 espa

226 4021 328 4067 Dorsalia
339 4023 392 4064 suut
406 4017 474 4074 padri
492 4015 516 4058 in
531 4014 600 4058 choro
615 4013 736 4068 pendentes
752 4025 765 4058 a
800 4017 858 4072 gnol.

226 4085 292 4129 dorso
304 4081 448 4128 clericorum:
462 4073 585 4120 Rationale
596 4074 766 4130 diodotofficis',
