2684 4970
498 459 662 516 423-

63 577 115 639 l'ir
129 578 189 640 luit
203 580 440 658 astrolog[ol]us
450 585 504 659 qui
519 582 603 646 dona
616 582 726 645 relicta
735 587 885 664 removit,

62 702 221 766 omneque
232 689 415 766 portentum
425 687 537 750 Christi
552 707 608 768 por
621 689 724 754 sideru
735 690 841 771 novit,

101 796 258 855 Armenus
270 792 372 872 patria
384 841 392 875 ,
405 795 527 876 justus,
542 797 696 857 honestus
708 799 786 858 erat.

61 957 216 1033 Tempore
226 972 291 1035 quo
302 953 444 1020 Christus
457 956 584 1036 docuit,
599 959 677 1020 tunc
687 959 820 1038 angelus
831 959 880 1022 isti

63 1059 146 1122 dixit
161 1087 169 1121 ε
185 1064 273 1124 Dona
286 1061 340 1123 Dei
350 1061 449 1124 redde
462 1079 671 1144 quaeeunque
682 1063 781 1127 tulisti
794 1089 802 1143 3

98 1181 234 1226 munera
248 1179 338 1228 saera
351 1167 404 1230 Dei
418 1166 628 1230 restituantur
641 1166 669 1227 ei
682 1166 690 1226 Ι

62 1323 216 1386 Redditur
229 1324 308 1386 haec
323 1325 430 1388 tunica
443 1325 547 1388 brevis
561 1325 709 1391 informa
722 1323 851 1408 puerili,
884 1297 888 1304 ’

59 1429 174 1492 tiresus
187 1433 224 1492 ut
238 1430 392 1512 induitur,
405 1431 535 1494 modulo
550 1431 586 1494 srt
602 1432 697 1510 longa
711 1430 807 1512 virili,

100 1535 181 1599 vidit
193 1539 226 1598 et
237 1536 401 1618 obstupuit
414 1554 504 1601 mens
518 1538 701 1600 tremefacta
716 1535 785 1600 viri.

59 1693 213 1756 Denarios
224 1693 355 1773 triginta
368 1697 433 1756 Deo
446 1709 527 1773 quos
539 1691 614 1755 inde
627 1693 788 1772 tulerunt,

59 1801 92 1862 in
104 1817 218 1880 gazam
230 1800 357 1881 templi,
372 1801 466 1864 Jhesu
480 1800 671 1880 mandante,
687 1799 862 1880 dederunt,

95 1924 179 1987 quos
189 1907 303 1970 ludam
313 1906 416 1986 pretio
428 1909 501 1986 post
513 1906 662 1968 habuisse
675 1907 793 1968 ferunt.

58 2064 177 2127 Detulit
190 2065 250 2127 hos
260 2069 276 2128 J
279 2064 358 2128 udas
368 2064 526 2144 scarioth,
542 2065 625 2126 facta
636 2080 714 2125 nece
727 2061 861 2144 Christi,

56 2187 139 2250 quos
153 2169 258 2251 reicit,
273 2169 347 2250 quia
359 2169 516 2252 poenituit
526 2185 584 2248 pro
596 2171 700 2232 morte
711 2167 873 2248 magistri,

95 2294 195 2356 seque
206 2294 326 2340 necans
335 2277 448 2355 laqueo
462 2277 573 2338 ventre
582 2277 690 2357 crepat
701 2272 817 2337 medio.

57 2439 146 2500 Tunc
158 2436 191 2500 in
202 2452 316 2516 agrum
329 2433 419 2514 figuli
433 2450 580 2496 nummos
594 2436 643 2494 ter
656 2430 796 2514 quinque
808 2432 979 2512 dederunt,

54 2541 271 2626 militibusque
279 2540 346 2604 suis
359 2540 492 2603 totidem
506 2557 563 2622 pro
575 2543 665 2620 parte
676 2540 817 2602 tulerunt
826 2544 885 2620 (l),

96 2669 179 2732 quos
192 2650 303 2731 vigiles
311 2649 424 2714 tumuli
435 2651 531 2711 nocte
540 2647 637 2710 tuisse
649 2649 765 2711 lerunt.

54 2814 151 2874 Forte
163 2813 275 2891 putas,
287 2791 410 2890 Lector,
424 2807 583 2872 contraria
594 2824 646 2871 me
658 2806 821 2890 posuisse,

56 2919 136 2981 dum
146 2931 296 2979 nummos
309 2915 380 2977 illos
389 2932 431 2976 ex
444 2931 523 2976 auro
535 2912 638 2976 scribo
652 2911 765 2994 fuisse,

93 3043 170 3088 nam
183 3023 274 3086 liber
284 3020 408 3102 argenti
422 3020 550 3082 nomine
562 3021 651 3098 gesta
666 3019 763 3081 dedit.

49 3195 176 3254 Marcus
188 3188 229 3250 ob
241 3187 409 3266 argentum
421 3179 590 3243 Dominum
601 3177 811 3256 descripserat
820 3183 978 3261 emptum,
1003 3232 1006 3240 ,

49 3315 120 3360 non
132 3293 202 3357 auri
214 3292 296 3357 dixit
304 3287 529 3354 nummismata
541 3285 606 3350 sive
619 3285 793 3368 talentmn3

91 3399 233 3464 sedlicct
245 3399 308 3460 hoc
319 3396 441 3476 taceat,
457 3411 522 3455 non
534 3390 639 3454 minus
650 3389 728 3452 illud
741 3394 819 3452 erat.

47 3557 118 3616 llos
130 3548 192 3613 luit
204 3545 342 3628 antiquis
352 3543 421 3606 auri
435 3559 551 3604 nomen
563 3539 686 3606 variare

45 3661 148 3736 atoue
157 3670 215 3733 per
223 3653 391 3732 argentum
404 3646 528 3711 diversa
541 3647 667 3708 metalla
680 3663 811 3728 vocare,

88 3762 153 3822 hoc
165 3775 227 3821 usu
240 3772 405 3835 nunquam
414 3753 524 3832 regula
537 3750 638 3832 prisca
650 3755 746 3814 caret.

45 3917 153 3973 Nosce
166 3905 253 3988 quod
267 3907 329 3968 hoc
342 3904 472 3965 sanctus
483 3900 529 3963 sic
542 3899 666 3980 scripsit
678 3902 955 3987 Bartholomaeus,

31 4139 64 4194 (l)
77 4137 112 4192 133
128 4135 144 4181 il
158 4148 171 4192 ι
186 4146 201 4180 a
214 4133 270 4180 dans
283 4136 346 4178 notrc
357 4142 397 4174 ms.
410 4133 433 4176 et
443 4129 529 4176 dansA
542 4142 549 4172 :
607 4131 698 4167 mssltlbus
707 4141 740 4173 pro
749 4136 800 4174 reue
812 4135 850 4168 auls
861 4138 972 4180 totidemque
981 4143 1068 4186 tulerunt.
