2698 4970
535 374 678 428 ..pp-

57 495 178 558 llomine
190 512 269 576 rex,
289 495 364 575 qnia
390 497 566 560 leudericus
581 513 697 559 nomen
719 499 812 558 tuum
831 495 1020 558 veneranter
1038 491 1163 557 vocita-

89 605 141 664 tur
152 619 171 663 a
181 601 312 683 populo,
323 635 365 648 -·
377 618 450 682 ego,
463 618 573 664 servus
586 604 673 681 tuns,
686 617 727 662 ne
741 601 841 664 ieram
858 617 977 664 nomen
990 599 1103 679 simile,
1123 599 1164 660 de

89 706 214 765 caetero
226 737 268 750 -·
280 719 346 765 non
363 703 539 764 Teudericas
551 703 608 764 'sed
621 703 760 766 vocabor
773 703 928 766 Teuderio.

55 809 134 869 lunc
151 823 209 868 rex
230 806 426 886 gratulanter
440 805 653 868 admirans-
666 808 699 868 et
720 805 914 868 admiranter
935 805 1164 886 congratulans

88 911 319 992 -pnrissimae
332 911 541 993 simplicitatis
553 910 903 992 humilitatem-atque
916 909 1164 991 simplicissimae

88 1016 273 1080 humilitatis
285 1016 456 1097 puritatem
466 1016 694 1096 humillimam,

54 1119 246 1182 venerabiles
258 1137 373 1182 manus
384 1120 588 1201 deosculans,
612 1120 786 1184 sacerdotis
803 1123 943 1201 postulat
962 1117 1164 1182 bencdictio-

85 1245 159 1290 nem
169 1263 211 1272 -
224 1230 320 1308 atque
329 1227 505 1292 honorifice
513 1227 610 1308 jussit
621 1244 695 1292 eum
705 1263 746 1274 -
756 1229 798 1291 ad
810 1245 904 1302 suum
914 1226 1029 1290 deduci
1039 1243 1163 1288 monas·

86 1331 212 1410 terium.

52 1437 162 1500 Exhoc
175 1435 321 1516 igitur-
329 1454 395 1500 uno
408 1438 655 1521 demonstratur,
667 1475 708 1486 —-
721 1443 841 1520 quanta
851 1437 1052 1504 curationum
1063 1434 1164 1516 gratia

86 1540 174 1604 lusit
186 1541 220 1604 in
233 1545 345 1606 sancto
358 1577 399 1590 -
412 1542 595 1606 Teuderico.

50 1647 188 1719 Quantas
208 1663 347 1726 namque
360 1649 429 1710 tum
442 1663 589 1709 cerneres
610 1646 710 1708 -ad
735 1663 810 1708 eum
832 1643 994 1709 confluere
1015 1641 1165 1706 debilium
1249 1697 1252 1702 .

84 1749 324 1831 multitudines,
339 1786 380 1797 —-
397 1768 481 1831 quae
494 1750 562 1814 sine
574 1769 664 1814 mora
676 1751 827 1831 temporis
843 1749 1011 1814 continuas
1026 1748 1166 1828 recipere

85 1856 119 1930 (l.
134 1859 312 1934 receperat)
326 1855 497 1918 sanitates!
514 1865 519 1872 ·

48 1957 152 2021 caecis
165 1958 426 2040 quoquevisum,
450 1994 490 2006 —
510 1958 615 2022 surdis
636 1959 802 2039 auditum,
824 1991 866 2006 —-
884 1958 1005 2021 claudis
1020 1973 1165 2038 gressum

84 2067 284 2146 restaurans,
299 2100 340 2112 -
354 2064 460 2127 aridas
473 2068 718 2145 contractasque
733 2081 848 2126 manus
861 2065 1019 2128 relaxans.

47 2172 289 2238 ddaemonihus
298 2173 444 2235 obsessos
452 2170 600 2252 liberans,
611 2171 696 2234 mille
706 2172 843 2235 nocendi
854 2169 1175 2234 diabolicas-trancas„

82 2311 124 2322 -
136 2293 194 2356 per
205 2276 331 2340 divinae
342 2275 519 2341 medicinae
533 2277 736 2339 destruxerat
749 2279 843 2339 artes.

45 2381 221 2442 0multum
240 2379 364 2443 lelicem
375 2417 415 2428 -
430 2380 535 2461 gregis
547 2378 669 2442 Domini
688 2381 899 2458 pastorem-
915 2380 966 2443 cui
988 2379 1099 2444 datum
1119 2383 1173 2443 est

84 2481 274 2562 corporibus
288 2482 382 2546 simul
402 2487 437 2547 et
454 2485 622 2547 animabus
642 2485 786 2546 conferre
799 2484 954 2546 salutem!

45 2591 69 2650 0
83 2589 311 2670 triumphalem
322 2626 363 2634 -
375 2589 567 2670 spiridnlalis
584 2589 904 2670 belli-ductorem,-
915 2591 1073 2654 mundum
1093 2599 1167 2654 cum

80 2711 143 2756 suo
157 2693 301 2774 principe
313 2695 532 2775 superantem!

42 2797 64 2856 0
76 2796 204 2874 patrem
214 2795 391 2876 piissimum
403 2833 445 2843 —
457 2798 632 2862 multorum
645 2797 894 2863 monachorum!

42 2899 301 2963 Olidelissimum
315 2901 349 2964 in
363 2902 459 2965 domo
472 2903 570 2982 patris
584 2901 719 2964 familias
732 2903 946 2983 proferentem
959 2940 1000 2948 -
1013 2921 1117 2986 nova,
1133 2909 1174 2967 et*

80 3008 193 3068 vetera
206 3007 240 3082 (l.
253 3009 397 3069 veterum
407 3012 437 3084 ll
452 3007 719 3088 dispensatorem!

41 3114 64 3175 0
78 3113 431 3192 perseverantissimum
450 3113 484 3176 in
500 3115 554 3177 Dei
575 3117 731 3179 famulatu
747 3135 849 3198 nsque
863 3119 896 3180 in
910 3119 1022 3199 finem,
1038 3135 1174 3180 -suae

80 3235 283 3298 suorumque
303 3218 414 3281 salutis
425 3218 665 3298 cupidissimum
677 3225 950 3302 comparatorem,
968 3257 1008 3267 -—
1021 3223 1176 3311 sanctum,

79 3323 305 3386 Teudericum.
850 3399 853 3410 Δ

41 3427 106 3502 Qui
118 3427 221 3494 vitam
234 3431 410 3510 angelicam
423 3430 559 3494 interris
573 3448 673 3511 agens
683 3466 725 3476 —
738 3433 770 3492 et
780 3430 896 3493 mantis
909 3431 1119 3495 intentionem
1133 3435 1174 3497 in¹

84 3532 281 3596 coelestibus
294 3534 407 3615 figens,
418 3535 497 3596 -in
512 3534 623 3597 diebus
633 3534 699 3596 suis
712 3552 767 3616 per
775 3534 918 3615 iustitiae
931 3535 1079 3598 meritum
1095 3539 1174 3615 pla--

37 3627 43 3642 '
84 3638 157 3702 cuit
173 3643 249 3702 ileo.

42 3745 137 3803 Tunc
154 3743 263 3820 plures
283 3741 435 3808 instruxit
449 3745 631 3827 discipulos,
646 3748 679 3807 et
692 3763 779 3809 nunc
797 3743 1043 3809 innumerabiles
1061 3747 1175 3812 imita-

86 3848 178 3908 tores
193 3863 254 3909 suo
265 3849 472 3913 saluberrimo
484 3885 525 3896 -
537 3850 689 3912 informat
702 3851 857 3929 exemplo.

43 3949 107 4024 Qui
122 3953 200 4030 post
214 3951 387 4015 multarum
406 3952 561 4017 virtutum
583 3971 695 4033 opera,
719 3990 761 4000 —
780 3957 852 4032 post
874 3953 1101 4018 miraculorum
1115 3954 1174 4017 in-

83 4058 215 4139 signia,
236 4095 277 4106 -
291 4059 375 4122 bono
404 4061 575 4124 certamine
601 4059 641 4122 ad
661 4060 825 4124 victoriam
846 4060 1017 4143 perducto,
1033 4099 1073 4108 -
1087 4061 1169 4126 lelici
