2672 4968
487 428 649 484 -185-

146 543 199 606 Vir
212 546 316 611 bonae
330 549 477 630 conjugis
495 552 608 616 beatus
622 552 739 616 dicitur

145 653 203 715 sed
216 655 301 716 hona
314 654 367 719 vix
379 673 463 721 uxor
475 662 532 721 aut
545 661 581 736 (l.
596 661 710 727 mulier
723 661 793 740 vix)
810 680 974 744 nunquam
993 662 1127 742 legitur,

146 764 204 822 aut
217 761 277 825 erit
290 765 464 828 contumax
478 769 534 828 aut
546 767 767 850 fornicabitur,

146 885 207 930 nec
218 868 322 932 virum
335 872 498 951 preprium
511 891 657 954 praeesse
669 879 713 955 (1)
727 876 858 956 patitur.

147 1007 307 1066 Bonarum
320 1007 496 1085 conjugum
507 1011 556 1070 est
569 1025 694 1072 summa
708 1009 840 1091 raritas,

147 1111 188 1173 de
207 1110 382 1175 millemria
400 1112 455 1176 vix
474 1115 534 1178 erit
549 1115 673 1196 uuitas3

147 1222 197 1280 est
209 1218 267 1282 viri
280 1220 393 1284 melior
406 1222 565 1300 quaedam
581 1221 732 1302 iniquitas

147 1344 245 1405 quam
258 1327 461 1392 benefaciens
477 1328 588 1391 uxoris
607 1329 761 1409 aequitas.

147 1461 281 1522 Omnem
300 1461 437 1541 excipiet
448 1464 492 1539 (a)
505 1462 622 1526 semina
635 1465 815 1527 masculum

147 1583 340 1646 omnemque
353 1567 480 1632 subdita
493 1568 593 1634 vincit
604 1569 805 1650 testiculum3

147 1669 219 1749 quis
232 1676 339 1750 posset
351 1674 523 1758 conjugis)
531 1677 655 1754 ,replere
666 1677 849 1739 vasculum?

148 1781 227 1839 Nam
241 1796 305 1841 una
319 1780 433 1843 mulier
447 1781 560 1862 fatigat
573 1784 737 1862 populum.
814 1771 816 1777 ’

116 1981 119 1986 ,
149 1912 337 1977 Insatiabilis
350 1917 445 1980 vulva
457 1935 522 1980 uon
536 1917 660 1998 deficit,

149 2036 209 2082 nec
222 2038 321 2083 unam
335 2021 485 2086 feminam
502 2023 551 2088 vir
565 2042 648 2088 unus
662 2023 781 2103 reiicit3

150 2123 270 2189 idcirco
281 2127 395 2190 mulier
407 2146 442 2191 se
456 2130 565 2192 multis
579 2131 751 2211 subdicit,

152 2234 209 2295 sed
223 2235 256 2308 (l.
272 2236 315 2313 et)
328 2236 433 2298 adhuc
447 2237 623 2318 subi(g)ens
632 2239 674 2318 (3)
688 2237 765 2302 dicit
778 2267 786 2301 ι
802 2242 871 2301 Nou
885 2237 1012 2300 sufficit.

151 2369 227 2444 Quis
240 2371 402 2432 sufficeret
414 2372 447 2446 (l.
464 2369 649 2446 satisfaciet)
662 2370 691 2433 ei
706 2389 762 2451 per
776 2371 914 2436 coitum?

153 2475 213 2551 Qui
227 2478 345 2541 coeunt
355 2475 451 2540 nimis
464 2476 635 2541 incurrunt
647 2476 769 2541 obitum
783 2527 791 2559 ,

150 2583 179 2646 ei
194 2602 260 2647 non
274 2584 390 2649 serviet
403 2584 537 2666 quisque
552 2585 593 2648 ad
606 2585 750 2667 libitum,

153 2696 189 2755 ut
201 2693 315 2758 reddat
328 2692 450 2756 tociens
464 2693 591 2756 curiale
605 2692 758 2755 debitum.

151 2828 272 2891 Idcirco
285 2826 439 2908 plurimae
453 2825 536 2889 fiunt
546 2825 710 2888 adulterae
722 2853 729 2904 3

152 2934 260 2997 taedet
272 2936 305 2996 et
317 2933 469 3014 plurimas
482 2932 614 2996 maritos
627 2935 669 3011 (l)
682 2931 806 3012 vivere3

152 3059 226 3106 cum
238 3041 345 3103 nullus
357 3038 493 3103 feminae
503 3038 604 3118 possit
616 3042 660 3113 (5)
672 3037 835 3118 sufficere,

152 3147 225 3211 dico
236 3147 323 3228 quod
336 3144 456 3210 nemini
470 3144 599 3225 expedit
612 3143 717 3209 vivere
729 3145 763 3219 (l.
780 3144 922 3220 nubere).

151 3285 206 3344 Est
218 3280 328 3361 lingua
343 3279 467 3360 gladius
481 3278 515 3340 iu
528 3294 584 3341 ore
599 3275 755 3355 icaunae,

150 3407 215 3470 quo
229 3387 278 3453 vir
290 3386 468 3468 percutitur
482 3388 636 3464 tauquam
650 3401 668 3445 a
683 3382 815 3446 fulmine
827 3413 834 3462 3

151 3513 210 3576 per
222 3497 305 3559 hanc
317 3491 460 3558 hilaritas
474 3491 557 3571 fugit
570 3492 610 3553 ab
624 3489 770 3570 homiue3

151 3605 268 3668 domus
282 3599 435 3665 evertitur
449 3597 580 3662 australi
595 3597 744 3672 turbine(
769 3601 789 3672 ).

151 3740 237 3798 Irata
250 3731 364 3796 mulier
378 3729 482 3812 perdit
493 3729 662 3794 consilium

36 3947 63 3988 u)
77 3940 152 3985 Juxta
166 3947 199 3979 se.
623 3933 653 3980 (4)
667 3928 741 3984 Quam
752 3927 860 3984 plurimas
875 3929 977 3974 maritas.

622 4002 651 4046 (5)
665 3998 684 4041 ΙΙ
698 4011 712 4054 y
729 3999 809 4042 adaus
820 3999 841 4044 le
853 4010 895 4043 ms.
908 4000 935 4046 de
949 4000 968 4044 la
984 4000 1009 4044 ll.
1023 4001 1051 4044 R.
1064 3999 1139 4042 mulus

596 4059 684 4104 leminis
697 4059 791 4116 possint.

36 4133 63 4170 ιδ)
78 4127 175 4173 sitiens.
623 4135 653 4175 (6)
668 4131 695 4174 llt
707 4137 783 4176 austra
798 4131 889 4176 fulmine
901 4131 956 4176 dans
968 4132 987 4176 la
1000 4141 1041 4174 ms.
1054 4129 1081 4174 Β.
1092 4129 1122 4174 u.

36 4041 65 4080 (Ξ)
80 4030 207 4088 suscipiet.
