<?xml version="1.0" encoding="UTF-8"?>
<!DOCTYPE html PUBLIC "-//W3C//DTD XHTML 1.0 Transitional//EN"
    "http://www.w3.org/TR/xhtml1/DTD/xhtml1-transitional.dtd">
<html xmlns="http://www.w3.org/1999/xhtml" xml:lang="en" lang="en">
 <head>
  <title>
</title>
<meta http-equiv="Content-Type" content="text/html;charset=utf-8" />
  <meta name='ocr-system' content='tesseract 3.04.00' />
  <meta name='ocr-capabilities' content='ocr_page ocr_carea ocr_par ocr_line ocrx_word'/>
</head>
<body>
  <div class='ocr_page' id='page_1' title='image "./posiespopulaire03mrgoog/posiespopulaire03mrgoog_0263.png"; bbox 0 0 2672 4968; ppageno 0'>
   <div class='ocr_carea' id='block_1_1' title="bbox 301 421 651 606">
    <p class='ocr_par' dir='ltr' id='par_1_1' title="bbox 301 421 651 606">
     <span class='ocr_line' id='line_1_1' title="bbox 485 421 651 476; baseline 0.018 -3"><span class='ocrx_word' id='word_1_1' title='bbox 485 447 526 458; x_wconf 84' lang='lat'><em>-</em></span> <span class='ocrx_word' id='word_1_2' title='bbox 540 421 594 476; x_wconf 74' lang='lat'>261</span> <span class='ocrx_word' id='word_1_3' title='bbox 611 449 651 459; x_wconf 82' lang='lat'>-</span> 
     </span>
     <span class='ocr_line' id='line_1_2' title="bbox 301 539 537 606; baseline 0.013 -5"><span class='ocrx_word' id='word_1_4' title='bbox 301 539 449 605; x_wconf 82' lang='lat' dir='ltr'>Frisionis</span> <span class='ocrx_word' id='word_1_5' title='bbox 464 543 537 606; x_wconf 87' lang='lat' dir='ltr'>lilia.</span> 
     </span>
    </p>
   </div>
   <div class='ocr_carea' id='block_1_2' title="bbox 301 677 645 1084">
    <p class='ocr_par' dir='ltr' id='par_1_2' title="bbox 301 677 645 1084">
     <span class='ocr_line' id='line_1_3' title="bbox 302 677 616 756; baseline -0.006 -16"><span class='ocrx_word' id='word_1_6' title='bbox 302 681 393 741; x_wconf 86' lang='lat' dir='ltr'>Pater</span> <span class='ocrx_word' id='word_1_7' title='bbox 406 677 498 756; x_wconf 84' lang='lat' dir='ltr'><strong>cujus</strong></span> <span class='ocrx_word' id='word_1_8' title='bbox 513 677 616 739; x_wconf 87' lang='lat' dir='ltr'>hostia</span> 
     </span>
     <span class='ocr_line' id='line_1_4' title="bbox 302 783 617 875; baseline -0.013 -25"><span class='ocrx_word' id='word_1_9' title='bbox 302 790 406 850; x_wconf 85' lang='lat' dir='ltr'>factus</span> <span class='ocrx_word' id='word_1_10' title='bbox 419 785 453 847; x_wconf 87' lang='lat' dir='ltr'>in</span> <span class='ocrx_word' id='word_1_11' title='bbox 467 783 617 875; x_wconf 77' lang='lat' dir='ltr'>aeclesia,</span> 
     </span>
     <span class='ocr_line' id='line_1_5' title="bbox 301 891 642 972; baseline -0.015 -14"><span class='ocrx_word' id='word_1_12' title='bbox 301 897 437 958; x_wconf 67' lang='lat' dir='ltr'>mortem</span> <span class='ocrx_word' id='word_1_13' title='bbox 450 910 508 972; x_wconf 84' lang='lat' dir='ltr'>pro</span> <span class='ocrx_word' id='word_1_14' title='bbox 519 891 642 971; x_wconf 84' lang='lat' dir='ltr'>justitia</span> 
     </span>
     <span class='ocr_line' id='line_1_6' title="bbox 301 1001 645 1084; baseline 0.003 -21"><span class='ocrx_word' id='word_1_15' title='bbox 301 1001 431 1080; x_wconf 85' lang='lat' dir='ltr'>pertulit</span> <span class='ocrx_word' id='word_1_16' title='bbox 440 1003 474 1066; x_wconf 89' lang='lat' dir='ltr'>in</span> <span class='ocrx_word' id='word_1_17' title='bbox 487 1003 580 1067; x_wconf 81' lang='lat' dir='ltr'><strong>Dacia</strong></span> <span class='ocrx_word' id='word_1_18' title='bbox 593 1006 645 1084; x_wconf 86' lang='lat'>(1).</span> 
     </span>
    </p>
   </div>
   <div class='ocr_carea' id='block_1_3' title="bbox 299 1137 715 1523">
    <p class='ocr_par' dir='ltr' id='par_1_3' title="bbox 299 1137 715 1523">
     <span class='ocr_line' id='line_1_7' title="bbox 301 1137 689 1219; baseline 0.013 -23"><span class='ocrx_word' id='word_1_19' title='bbox 301 1137 412 1198; x_wconf 86' lang='lat' dir='ltr'><strong>Noster</strong></span> <span class='ocrx_word' id='word_1_20' title='bbox 424 1139 531 1200; x_wconf 85' lang='lat' dir='ltr'>autem</span> <span class='ocrx_word' id='word_1_21' title='bbox 542 1139 689 1219; x_wconf 77' lang='lat' dir='ltr'>Carolus,</span> 
     </span>
     <span class='ocr_line' id='line_1_8' title="bbox 301 1244 715 1327; baseline 0.01 -24"><span class='ocrx_word' id='word_1_22' title='bbox 301 1244 384 1306; x_wconf 83' lang='lat' dir='ltr'>elam</span> <span class='ocrx_word' id='word_1_23' title='bbox 396 1244 539 1307; x_wconf 80' lang='lat' dir='ltr'>sublatus</span> <span class='ocrx_word' id='word_1_24' title='bbox 552 1245 715 1327; x_wconf 83' lang='lat' dir='ltr'>hostibus,</span> 
     </span>
     <span class='ocr_line' id='line_1_9' title="bbox 301 1349 666 1433; baseline 0.011 -22"><span class='ocrx_word' id='word_1_25' title='bbox 301 1349 385 1430; x_wconf 80' lang='lat' dir='ltr'>fugit</span> <span class='ocrx_word' id='word_1_26' title='bbox 397 1349 439 1413; x_wconf 89' lang='lat' dir='ltr'>ad</span> <span class='ocrx_word' id='word_1_27' title='bbox 453 1353 666 1433; x_wconf 76' lang='lat' dir='ltr'>avunculum,</span> 
     </span>
     <span class='ocr_line' id='line_1_10' title="bbox 299 1457 712 1523; baseline 0.005 -4"><span class='ocrx_word' id='word_1_28' title='bbox 299 1457 449 1520; x_wconf 72' lang='lat' dir='ltr'>comitem</span> <span class='ocrx_word' id='word_1_29' title='bbox 461 1459 712 1523; x_wconf 77' lang='lat' dir='ltr'>Flandransium.</span> 
     </span>
    </p>
   </div>
   <div class='ocr_carea' id='block_1_4' title="bbox 265 1593 665 1994">
    <p class='ocr_par' dir='ltr' id='par_1_4' title="bbox 300 1593 626 1673">
     <span class='ocr_line' id='line_1_11' title="bbox 300 1593 626 1673; baseline 0.015 -21"><span class='ocrx_word' id='word_1_30' title='bbox 300 1595 411 1670; x_wconf 87' lang='lat' dir='ltr'>inqua</span> <span class='ocrx_word' id='word_1_31' title='bbox 424 1593 528 1671; x_wconf 83' lang='lat' dir='ltr'>proies</span> <span class='ocrx_word' id='word_1_32' title='bbox 539 1593 626 1673; x_wconf 83' lang='lat' dir='ltr'>regia</span> 
     </span>
    </p>

    <p class='ocr_par' dir='ltr' id='par_1_5' title="bbox 265 1698 665 1994">
     <span class='ocr_line' id='line_1_12' title="bbox 265 1698 610 1781; baseline 0.012 -22"><span class='ocrx_word' id='word_1_33' title='bbox 265 1737 268 1742; x_wconf 89' lang='lat'>·</span> <span class='ocrx_word' id='word_1_34' title='bbox 299 1698 493 1762; x_wconf 84' lang='lat' dir='ltr'>marchionis</span> <span class='ocrx_word' id='word_1_35' title='bbox 506 1701 610 1781; x_wconf 79' lang='lat' dir='ltr'>curia,</span> 
     </span>
     <span class='ocr_line' id='line_1_13' title="bbox 299 1805 582 1889; baseline 0 -18"><span class='ocrx_word' id='word_1_36' title='bbox 299 1805 399 1871; x_wconf 83' lang='lat' dir='ltr'>erevit</span> <span class='ocrx_word' id='word_1_37' title='bbox 410 1807 582 1889; x_wconf 84' lang='lat' dir='ltr'>sapientia,</span> 
     </span>
     <span class='ocr_line' id='line_1_14' title="bbox 299 1917 665 1994; baseline 0.003 -19"><span class='ocrx_word' id='word_1_38' title='bbox 299 1917 394 1993; x_wconf 80' lang='lat' dir='ltr'>atque</span> <span class='ocrx_word' id='word_1_39' title='bbox 413 1931 537 1978; x_wconf 88' lang='lat' dir='ltr'><strong>morum</strong></span> <span class='ocrx_word' id='word_1_40' title='bbox 554 1917 665 1994; x_wconf 80' lang='lat' dir='ltr'>gratia.</span> 
     </span>
    </p>
   </div>
   <div class='ocr_carea' id='block_1_5' title="bbox 297 2047 605 2434">
    <p class='ocr_par' dir='ltr' id='par_1_6' title="bbox 298 2047 597 2241">
     <span class='ocr_line' id='line_1_15' title="bbox 298 2047 597 2132; baseline 0.01 -21"><span class='ocrx_word' id='word_1_41' title='bbox 298 2047 355 2111; x_wconf 89' lang='lat' dir='ltr'>Ubi</span> <span class='ocrx_word' id='word_1_42' title='bbox 370 2067 446 2113; x_wconf 85' lang='lat' dir='ltr'><strong>vero</strong></span> <span class='ocrx_word' id='word_1_43' title='bbox 459 2049 597 2132; x_wconf 85' lang='lat' dir='ltr'>inclytus</span> 
     </span>
     <span class='ocr_line' id='line_1_16' title="bbox 299 2155 581 2241; baseline 0.018 -24"><span class='ocrx_word' id='word_1_44' title='bbox 299 2155 377 2218; x_wconf 88' lang='lat' dir='ltr'>obiit</span> <span class='ocrx_word' id='word_1_45' title='bbox 390 2161 581 2241; x_wconf 77' lang='lat' dir='ltr'>avunculuS‚</span> 
     </span>
    </p>

    <p class='ocr_par' dir='ltr' id='par_1_7' title="bbox 297 2263 605 2434">
     <span class='ocr_line' id='line_1_17' title="bbox 298 2263 605 2343; baseline 0.01 -19"><span class='ocrx_word' id='word_1_46' title='bbox 298 2263 488 2326; x_wconf 89' lang='lat' dir='ltr'>Balduinum</span> <span class='ocrx_word' id='word_1_47' title='bbox 503 2267 605 2343; x_wconf 79' lang='lat' dir='ltr'>patrio</span> 
     </span>
     <span class='ocr_line' id='line_1_18' title="bbox 297 2370 593 2434; baseline 0.014 -4"><span class='ocrx_word' id='word_1_48' title='bbox 297 2372 444 2431; x_wconf 84' lang='lat' dir='ltr'>statuunt</span> <span class='ocrx_word' id='word_1_49' title='bbox 457 2370 490 2432; x_wconf 88' lang='lat' dir='ltr'>in</span> <span class='ocrx_word' id='word_1_50' title='bbox 503 2372 593 2434; x_wconf 88' lang='lat' dir='ltr'>solio.</span> 
     </span>
    </p>
   </div>
   <div class='ocr_carea' id='block_1_6' title="bbox 297 2504 654 2907">
    <p class='ocr_par' dir='ltr' id='par_1_8' title="bbox 297 2504 654 2907">
     <span class='ocr_line' id='line_1_19' title="bbox 298 2504 619 2586; baseline 0.006 -19"><span class='ocrx_word' id='word_1_51' title='bbox 298 2504 354 2567; x_wconf 85' lang='lat' dir='ltr'>Hic</span> <span class='ocrx_word' id='word_1_52' title='bbox 367 2504 479 2568; x_wconf 83' lang='lat' dir='ltr'>vicinis</span> <span class='ocrx_word' id='word_1_53' title='bbox 491 2506 619 2586; x_wconf 86' lang='lat' dir='ltr'>regibus</span> 
     </span>
     <span class='ocr_line' id='line_1_20' title="bbox 297 2613 654 2697; baseline 0.022 -26"><span class='ocrx_word' id='word_1_54' title='bbox 297 2614 401 2674; x_wconf 81' lang='lat' dir='ltr'><strong>terror</strong></span> <span class='ocrx_word' id='word_1_55' title='bbox 414 2613 474 2676; x_wconf 85' lang='lat' dir='ltr'>fuit</span> <span class='ocrx_word' id='word_1_56' title='bbox 487 2615 654 2697; x_wconf 79' lang='lat' dir='ltr'>omnibus,</span> 
     </span>
     <span class='ocr_line' id='line_1_21' title="bbox 297 2719 643 2804; baseline 0.023 -24"><span class='ocrx_word' id='word_1_57' title='bbox 297 2719 402 2782; x_wconf 77' lang='lat' dir='ltr'><strong>cultor</strong></span> <span class='ocrx_word' id='word_1_58' title='bbox 414 2736 492 2784; x_wconf 85' lang='lat' dir='ltr'>suae</span> <span class='ocrx_word' id='word_1_59' title='bbox 504 2724 643 2804; x_wconf 79' lang='lat' dir='ltr'>patriae,</span> 
     </span>
     <span class='ocr_line' id='line_1_22' title="bbox 297 2824 594 2907; baseline 0.027 -21"><span class='ocrx_word' id='word_1_60' title='bbox 297 2824 398 2888; x_wconf 77' lang='lat' dir='ltr'>hostis</span> <span class='ocrx_word' id='word_1_61' title='bbox 411 2826 594 2907; x_wconf 80' lang='lat' dir='ltr'>injustitiae.</span> 
     </span>
    </p>
   </div>
   <div class='ocr_carea' id='block_1_7' title="bbox 296 2960 710 3350">
    <p class='ocr_par' dir='ltr' id='par_1_9' title="bbox 298 2960 584 3028">
     <span class='ocr_line' id='line_1_23' title="bbox 298 2960 584 3028; baseline 0.031 -9"><span class='ocrx_word' id='word_1_62' title='bbox 298 2960 405 3023; x_wconf 84' lang='lat' dir='ltr'>Morbo</span> <span class='ocrx_word' id='word_1_63' title='bbox 417 2961 584 3028; x_wconf 82' lang='lat' dir='ltr'>insanabili</span> 
     </span>
    </p>

    <p class='ocr_par' dir='ltr' id='par_1_10' title="bbox 296 3067 710 3350">
     <span class='ocr_line' id='line_1_24' title="bbox 296 3067 641 3156; baseline 0.032 -30"><span class='ocrx_word' id='word_1_64' title='bbox 296 3067 398 3130; x_wconf 80' lang='lat' dir='ltr'>fracta</span> <span class='ocrx_word' id='word_1_65' title='bbox 411 3086 508 3133; x_wconf 82' lang='lat' dir='ltr'>carne</span> <span class='ocrx_word' id='word_1_66' title='bbox 521 3074 641 3156; x_wconf 81' lang='lat' dir='ltr'>fragili,</span> 
     </span>
     <span class='ocr_line' id='line_1_25' title="bbox 297 3172 710 3264; baseline 0.024 -27"><span class='ocrx_word' id='word_1_67' title='bbox 297 3172 398 3237; x_wconf 86' lang='lat' dir='ltr'>Sithiu</span> <span class='ocrx_word' id='word_1_68' title='bbox 413 3178 454 3256; x_wconf 81' lang='lat'>(2)</span> <span class='ocrx_word' id='word_1_69' title='bbox 467 3177 504 3239; x_wconf 86' lang='lat' dir='ltr'>fit</span> <span class='ocrx_word' id='word_1_70' title='bbox 517 3183 710 3264; x_wconf 79' lang='lat' dir='ltr'>monachus⁷</span> 
     </span>
     <span class='ocr_line' id='line_1_26' title="bbox 297 3283 648 3350; baseline 0.023 -8"><span class='ocrx_word' id='word_1_71' title='bbox 297 3283 330 3342; x_wconf 83' lang='lat' dir='ltr'>et</span> <span class='ocrx_word' id='word_1_72' title='bbox 342 3283 496 3346; x_wconf 84' lang='lat' dir='ltr'>successit</span> <span class='ocrx_word' id='word_1_73' title='bbox 507 3288 648 3350; x_wconf 83' lang='lat' dir='ltr'>Carolus.</span> 
     </span>
    </p>
   </div>
   <div class='ocr_carea' id='block_1_8' title="bbox 296 3418 713 3824">
    <p class='ocr_par' dir='ltr' id='par_1_11' title="bbox 296 3418 713 3612">
     <span class='ocr_line' id='line_1_27' title="bbox 296 3418 713 3502; baseline 0.022 -25"><span class='ocrx_word' id='word_1_74' title='bbox 296 3418 366 3489; x_wconf 86' lang='lat' dir='ltr'>Quo</span> <span class='ocrx_word' id='word_1_75' title='bbox 379 3423 552 3502; x_wconf 80' lang='lat' dir='ltr'>regnante,</span> <span class='ocrx_word' id='word_1_76' title='bbox 568 3424 713 3487; x_wconf 81' lang='lat' dir='ltr'>Fiandria</span> 
     </span>
     <span class='ocr_line' id='line_1_28' title="bbox 297 3523 538 3612; baseline 0.021 -25"><span class='ocrx_word' id='word_1_77' title='bbox 297 3523 399 3603; x_wconf 82' lang='lat' dir='ltr'>viguit</span> <span class='ocrx_word' id='word_1_78' title='bbox 411 3527 538 3612; x_wconf 79' lang='lat' dir='ltr'>militia3</span> 
     </span>
    </p>

    <p class='ocr_par' dir='ltr' id='par_1_12' title="bbox 296 3635 679 3824">
     <span class='ocr_line' id='line_1_29' title="bbox 296 3635 679 3720; baseline 0.029 -28"><span class='ocrx_word' id='word_1_79' title='bbox 296 3635 388 3712; x_wconf 80' lang='lat' dir='ltr'><strong>eujus</strong></span> <span class='ocrx_word' id='word_1_80' title='bbox 401 3636 461 3697; x_wconf 89' lang='lat' dir='ltr'>sub</span> <span class='ocrx_word' id='word_1_81' title='bbox 474 3636 624 3720; x_wconf 79' lang='lat' dir='ltr'>imperiO,</span> <span class='ocrx_word' id='word_1_82' title='bbox 676 3675 679 3681; x_wconf 77' lang='lat'><em>,</em></span> 
     </span>
     <span class='ocr_line' id='line_1_30' title="bbox 297 3737 539 3824; baseline 0.037 -24"><span class='ocrx_word' id='word_1_83' title='bbox 297 3737 405 3803; x_wconf 84' lang='lat' dir='ltr'>floruit</span> <span class='ocrx_word' id='word_1_84' title='bbox 417 3743 539 3824; x_wconf 81' lang='lat' dir='ltr'>religio.</span> 
     </span>
    </p>
   </div>
   <div class='ocr_carea' id='block_1_9' title="bbox 6 3971 1128 4150">
    <p class='ocr_par' dir='ltr' id='par_1_13' title="bbox 6 3971 1128 4150">
     <span class='ocr_line' id='line_1_31' title="bbox 27 3971 1128 4041; baseline 0.015 -27"><span class='ocrx_word' id='word_1_85' title='bbox 27 3971 53 4026; x_wconf 71' lang='lat' dir='ltr'>(a)</span> <span class='ocrx_word' id='word_1_86' title='bbox 73 3974 141 4019; x_wconf 79' lang='lat' dir='ltr'>saint</span> <span class='ocrx_word' id='word_1_87' title='bbox 159 3973 222 4018; x_wconf 74' lang='lat' dir='ltr'>linat</span> <span class='ocrx_word' id='word_1_88' title='bbox 238 3972 304 4029; x_wconf 74' lang='lat' dir='ltr'><strong>(IV),</strong></span> <span class='ocrx_word' id='word_1_89' title='bbox 329 3978 389 4017; x_wconf 73' lang='lat' dir='ltr'><strong>mort</strong></span> <span class='ocrx_word' id='word_1_90' title='bbox 407 3977 493 4030; x_wconf 79' lang='lat' dir='ltr'>martyr</span> <span class='ocrx_word' id='word_1_91' title='bbox 517 3986 545 4019; x_wconf 79' lang='lat' dir='ltr'>en</span> <span class='ocrx_word' id='word_1_92' title='bbox 581 3973 669 4019; x_wconf 74' lang='lat' dir='ltr'>uastare</span> <span class='ocrx_word' id='word_1_93' title='bbox 680 3975 708 4020; x_wconf 81' lang='lat' dir='ltr'>da</span> <span class='ocrx_word' id='word_1_94' title='bbox 727 3977 897 4035; x_wconf 71' lang='lat' dir='ltr'>saint-Bartin,</span> <span class='ocrx_word' id='word_1_95' title='bbox 913 3982 969 4026; x_wconf 82' lang='lat' dir='ltr'>dans</span> <span class='ocrx_word' id='word_1_96' title='bbox 985 3981 1005 4028; x_wconf 82' lang='lat' dir='ltr'>ia</span> <span class='ocrx_word' id='word_1_97' title='bbox 1025 3984 1128 4041; x_wconf 65' lang='lat' dir='ltr'>departe-</span> 
     </span>
     <span class='ocr_line' id='line_1_32' title="bbox 6 4033 875 4086; baseline 0.01 -10"><span class='ocrx_word' id='word_1_98' title='bbox 6 4033 59 4077; x_wconf 74' lang='lat'>¹074.</span> <span class='ocrx_word' id='word_1_99' title='bbox 313 4037 319 4043; x_wconf 82' lang='grc'><em>’</em></span> <span class='ocrx_word' id='word_1_100' title='bbox 583 4040 643 4079; x_wconf 73' lang='lat' dir='ltr'>mant</span> <span class='ocrx_word' id='word_1_101' title='bbox 651 4036 680 4080; x_wconf 85' lang='lat' dir='ltr'>du</span> <span class='ocrx_word' id='word_1_102' title='bbox 692 4037 875 4086; x_wconf 77' lang='lat' dir='ltr'>Pas-ae-Caais.</span> 
     </span>
     <span class='ocr_line' id='line_1_33' title="bbox 25 4094 547 4150; baseline 0.011 -14"><span class='ocrx_word' id='word_1_103' title='bbox 25 4094 53 4150; x_wconf 68' lang='grc' dir='ltr'>(Ξ)</span> <span class='ocrx_word' id='word_1_104' title='bbox 62 4095 152 4141; x_wconf 79' lang='lat' dir='ltr'>sithieu</span> <span class='ocrx_word' id='word_1_105' title='bbox 162 4099 197 4139; x_wconf 76' lang='lat' dir='ltr'>est</span> <span class='ocrx_word' id='word_1_106' title='bbox 204 4094 299 4139; x_wconf 81' lang='lat' dir='ltr'>l&#39;anaien</span> <span class='ocrx_word' id='word_1_107' title='bbox 309 4107 360 4139; x_wconf 83' lang='lat' dir='ltr'>nam</span> <span class='ocrx_word' id='word_1_108' title='bbox 367 4095 396 4139; x_wconf 82' lang='lat' dir='ltr'>du</span> <span class='ocrx_word' id='word_1_109' title='bbox 404 4096 490 4142; x_wconf 63' lang='lat' dir='ltr'>calabra</span> <span class='ocrx_word' id='word_1_110' title='bbox 498 4110 547 4142; x_wconf 87' lang='lat' dir='ltr'>mo·</span> 
     </span>
    </p>
   </div>
   <div class='ocr_carea' id='block_1_10' title="bbox 0 0 1340 4968">
    <p class='ocr_par' dir='ltr' id='par_1_14' title="bbox 0 0 1340 4968">
     <span class='ocr_line' id='line_1_34' title="bbox 0 0 1340 4968; baseline 0 1"><span class='ocrx_word' id='word_1_111' title='bbox 0 0 1340 4968; x_wconf 95' lang='lat' dir='ltr'> </span> 
     </span>
    </p>
   </div>
  </div>
 </body>
</html>
