2676 4968
707 480 746 490 —
757 453 865 508 396-

319 575 380 651 Qui
393 577 498 638 luerat
507 575 673 654 quondam
686 575 826 638 nutritus
841 573 1010 655 deliciose,

361 699 436 747 cum
449 681 577 746 modico
590 682 751 746 modicam
764 699 846 762 pane
858 682 1001 763 requirat
1014 686 1058 762 (1)
1073 702 1209 764 aquam,

319 787 379 864 Qui
393 787 482 868 prius
494 787 602 852 ornari
615 787 754 868 pretiosa
769 789 859 852 vesle
872 790 1017 882 volebat,

361 913 449 958 nuno
462 895 516 960 vili
530 913 625 960 sacco
639 894 755 976 frigida
768 897 912 960 membra
924 901 1023 977 tegat.

322 1002 378 1066 llic
389 1001 497 1080 cibus,
513 1003 565 1066 bio
579 1002 693 1083 vestis,
708 1002 753 1066 ita
766 1002 940 1066 strinxerat
952 1003 1006 1066 illa
1019 1003 1187 1084 pudenda,

361 1108 450 1190 quod
463 1109 518 1174 vix
531 1109 616 1173 inter
627 1127 684 1174 eos
694 1108 766 1190 quis
778 1109 839 1172 nisi
853 1113 962 1174 castus
976 1115 1056 1174 erat.

322 1215 459 1296 Virginis
473 1215 525 1279 bic
538 1219 651 1280 votum
664 1215 724 1278 sibi
739 1217 879 1297 lecerat,
894 1216 947 1280 ille
961 1217 1095 1280 maritus

362 1322 511 1386 servabat
522 1322 625 1386 sancti
637 1321 768 1386 foedera
783 1321 937 1403 coniugii.

323 1432 457 1492 Tantam
470 1428 671 1494 christicolae
685 1433 860 1494 tenuerunt
870 1429 1069 1510 relligionem
1082 1478 1091 1510 ,

363 1535 441 1600 dum
454 1535 529 1599 data
542 1537 596 1599 lex
609 1535 746 1615 noviter,
761 1536 840 1598 dum
850 1552 955 1600 novus
968 1536 1049 1600 ordo
1063 1535 1147 1616 fuit,

322 1641 383 1705 Sed
396 1641 485 1722 quod
496 1643 615 1706 habere
627 1643 711 1706 solet
723 1641 849 1707 noviter
863 1658 967 1706 novus
980 1641 1061 1706 ordo
1075 1643 1214 1704 statutus

363 1748 511 1829 primitus
524 1751 562 1812 ut
571 1752 615 1825 (2)
627 1748 755 1829 vigeat,
770 1747 846 1812 inde
859 1747 996 1830 tependo
1009 1751 1103 1829 ruat,

322 1853 372 1920 Sic
383 1874 512 1938 quoque
524 1855 648 1936 relligio
659 1855 800 1920 decrevit
812 1854 1088 1935 christicolarum,

265 2031 268 2038 ,
363 1967 497 2045 atquae
510 1981 636 2030 summa
649 1963 710 2027 luit
723 1967 835 2044 postea
850 1961 1018 2026 corruerit.

323 2069 464 2133 invidiae
477 2073 633 2151 surgunt,
649 2069 709 2132 sibi
724 2069 860 2150 quisque
873 2067 1007 2149 requirit
1022 2068 1177 2131 honorem

364 2178 398 2238 et
410 2178 508 2240 irater
522 2179 654 2240 fratrem
666 2176 793 2240 laedere
805 2194 872 2240 non
882 2174 1006 2240 metuit.

208 2301 214 2311 ·
324 2282 437 2347 Ebrius
450 2283 586 2348 efficitur
599 2283 654 2365 qui
669 2283 795 2348 sobrius
808 2301 879 2348 esse
891 2283 1035 2365 solebat,

363 2392 526 2471 etparcns
538 2395 651 2455 venter
665 2390 801 2456 solvitur
814 2390 967 2470 ingluvie.

323 2497 505 2562 Foedantur
518 2503 643 2562 mentes
656 2501 690 2562 et
701 2515 836 2579 corpora
850 2499 1129 2562 commaculantur
1142 2528 1150 2580 3

363 2603 455 2684 virgo
468 2605 534 2667 ruit
546 2604 641 2687 vitio,
658 2608 766 2678 castus
779 2604 949 2668 adulterio.

324 2714 421 2774 Nemo
434 2711 532 2775 fidem
545 2712 669 2776 Christo
682 2729 743 2776 nec
756 2711 857 2776 lidum
869 2714 914 2790 (3)
927 2714 1035 2784 servat
1047 2728 1208 2792 amorem,

364 2835 460 2881 nemo
473 2820 562 2881 tenet
573 2821 765 2899 custumes,
780 2818 847 2881 ruit
859 2819 901 2897 (l)
914 2817 1021 2882 omnis
1034 2819 1153 2900 bomo,

325 2924 363 2985 st
375 2940 472 3003 quem
481 2925 550 3003 jam
564 2924 707 2988 Christus
719 2942 834 3006 cruce,
849 2924 1025 3007 sanguine,
1042 2928 1148 2988 morte
1159 2923 1299 3000 redemit,

366 3032 404 3091 ut
416 3029 553 3094 redimat
566 3048 696 3100 rursum
711 3049 778 3096 non
791 3030 946 3094 morietur
957 3031 1045 3096 item.

324 3137 385 3201 Sed
398 3140 507 3201 tamen
520 3157 561 3202 ex
574 3139 643 3221 ipsa
656 3157 720 3221 qua
734 3137 901 3219 praeditus
914 3141 964 3201 est
975 3138 1094 3218 pietate

366 3244 534 3310 consilium
548 3246 662 3310 statuit
675 3264 718 3313 ne
733 3245 863 3327 penitus
876 3247 997 3326 pereat.

324 3350 416 3446 begis
426 3368 510 3415 onus
523 3351 663 3433 minuet,
677 3353 770 3416 tollet
779 3350 956 3433 baptisma,
972 3351 1148 3430 decemque

364 3473 483 3520 uxores
495 3475 580 3521 unus
596 3459 714 3522 ducere
727 3458 777 3524 vir
788 3457 918 3539 poterit.
997 3503 1002 3512 .

325 3562 467 3626 Scribere
480 3565 645 3630 mandavit
657 3571 741 3630 Deus
754 3567 835 3630 haec
848 3564 927 3628 mibi
941 3582 998 3646 per
1010 3564 1211 3646 Gabrielem,

365 3671 490 3732 caetera
501 3673 650 3750 jussurus
665 3674 808 3752 tempore
819 3689 969 3756 ¹quaeque
982 3687 1053 3736 suo.

326 3775 379 3839 llis
392 3776 470 3840 mihi
485 3779 526 3841 de
539 3779 645 3844 causis
657 3779 801 3844 Gabriele
813 3778 1060 3860 superveniente
1072 3827 1081 3861 ,

256 4063 285 4118 (l)
298 4061 409 4120 &quirit
420 4065 476 4113 dans
490 4067 518 4112 ll.
835 4071 864 4126 (ὅ)
878 4069 1025 4115 Promissum
1037 4071 1094 4115 dans
1107 4070 1134 4115 ll.

256 4133 286 4188 (a)
303 4133 331 4178 tu
341 4135 421 4192 primo
434 4137 490 4183 daos
504 4137 531 4181 B.
835 4139 864 4197 (l)
877 4139 918 4186 Sic
930 4140 1066 4198 pertidum
1080 4141 1109 4184 Α.
