2662 4968
122 3949 125 3963 ,
199 3909 229 3953 Le
242 3909 332 3966 strophe
346 3907 394 3953 linit
405 3921 445 3966 per
455 3908 585 3954 luminare.

671 383 837 440 -ffll—

333 507 415 584 Ergo
427 524 483 568 cor
501 525 660 590 apponere
673 513 776 593 magis
789 531 855 576 non
869 511 1004 578 debetis

332 610 365 674 in
378 614 549 678 mundanis
562 617 675 698 opibus
688 637 768 700 quas
781 637 839 685 vos
851 619 1020 700 possidetis
1033 646 1042 700 3

333 723 448 784 cuncta
463 723 644 787 transitorie
659 729 735 788 sunt
748 744 832 807 quae
845 743 903 790 vos
916 725 1031 790 videtis
1045 752 1053 806 3

332 827 474 906 quaerite
489 831 756 912 psalmusgrafum
769 835 811 912 (l)
826 837 858 896 et
872 832 1050 896 invenietis.

333 988 396 1050 Viri
410 992 621 1074 venerabilem
636 994 810 1058 servientes
823 1009 918 1075 arae,

278 1107 291 1120 ·“
333 1096 423 1160 vobis
436 1098 568 1161 mandat
579 1100 732 1163 Dominus
742 1102 867 1182 plebem
881 1100 1057 1182 castigare,

333 1203 504 1268 inlonnare
516 1207 677 1286 moribus,
693 1207 725 1271 in
738 1225 793 1288 spe
807 1207 976 1288 radicare(
997 1213 1027 1288 ),

334 1315 416 1375 utet
430 1330 487 1376 vos
499 1331 573 1376 eum
586 1317 704 1395 populo
717 1315 819 1394 possit
831 1317 987 1379 laureare.

334 1471 428 1536 Vobis
443 1491 519 1552 ergo
533 1475 688 1555 praecipit
701 1475 849 1539 eonditor
863 1477 1026 1540 coelorum

334 1583 371 1642 ut
383 1597 440 1644 vos
451 1579 519 1643 sitis
533 1582 669 1662 qualiter
682 1585 727 1659 (3)
741 1581 795 1646 lilii
807 1585 970 1664 justorum

334 1690 367 1748 et
379 1686 544 1750 columbae
558 1688 716 1769 simplices
729 1689 771 1752 ed
785 1690 948 1769 exemplar
961 1705 1107 1769 morum,

334 1793 360 1855 si
375 1797 540 1857 consortes
554 1795 622 1857 lieri
636 1794 731 1857 vultis
745 1797 955 1875 angelorum(
978 1795 998 1872 ).

334 1959 396 2018 Vos
409 1955 464 2036 qui
478 1955 574 2020 vultis
587 1957 704 2035 populo
719 1955 843 2018 Domini
856 1957 1008 2036 prodesse
1016 2005 1030 2037 ‚.

334 2061 432 2123 immo
446 2061 541 2125 vultis
554 2061 660 2141 potius
674 2063 792 2143 populo
804 2063 955 2142 prodesse
968 2064 1002 2139 (l.
1015 2064 1190 2146 praeessem

289 2182 291 2187 ·
335 2170 405 2247 ejus
419 2186 529 2230 curam
540 2185 636 2247 agere
651 2170 744 2233 decet
754 2169 929 2251 indefesse,

334 2273 421 2354 pios,
434 2276 556 2356 largos,
570 2275 724 2356 humine,
741 2275 872 2358 dignos,
884 2277 989 2356 justos
1002 2293 1081 2338 esse.

334 2434 496 2499 Sacerdoti
510 2434 660 2500 convenit
671 2437 776 2514 legem
789 2452 914 2498 sacram
927 2434 1008 2500 seire
1021 2461 1029 2518 3

334 2544 458 2622 plebem
471 2542 554 2623 vita,
569 2541 728 2622 moribus,
745 2541 848 2606 verbis
862 2542 988 2605 erudire
1000 2573 1009 2624 5

335 2667 376 2711 ne
387 2651 422 2725 (l.
436 2649 498 2730 ut),
514 2649 645 2710 tandem
659 2665 733 2710 oum
747 2647 870 2711 venerit
881 2647 934 2712 illa
947 2649 1014 2712 dies
1025 2648 1106 2730 irae,

334 2755 418 2835 piam
432 2771 544 2819 vocem
557 2753 680 2818 Domini
692 2754 851 2833 possimus
863 2753 985 2818 audire.

334 2917 496 2982 Benedicti
509 2915 581 2998 filii,
596 2933 732 2996 regnum
743 2916 917 2998 possidete,

334 3026 422 3108 quod
433 3024 524 3088 nobis
538 3027 684 3104 paratum
697 3027 746 3087 est
759 3023 827 3087 sine
840 3025 930 3086 metu
943 3026 1047 3087 metae
1060 3049 1080 3104 ς]

333 3133 415 3197 sacri
429 3149 487 3195 vos
498 3130 694 3212 Presbyteri,
710 3130 813 3194 saneti
827 3147 884 3196 vos
900 3131 1096 3212 Prophetae,

333 3238 491 3303 benedieti
506 3237 580 3318 lilii,
596 3255 723 3302 mecum
737 3237 937 3317 congaudete
952 3235 959 3298 i

223 3510 254 3566 (l)
270 3507 287 3552 ll
300 3507 348 3554 taut
359 3508 400 3551 lire
412 3517 465 3551 snus
477 3505 544 3551 doute
551 3504 741 3563 psalmopraserm
777 3503 876 3550 Woltlrer
894 3506 916 3549 ni
930 3505 986 3549 dans
1000 3504 1081 3560 Kopp;
1100 3504 1120 3548 lo
1134 3503 1241 3558 rhythme
1255 3504 1310 3559 exige

196 3584 226 3618 ou
238 3566 441 3628 psalmiqrosum5
455 3568 527 3612 David
541 3569 602 3626 perta
614 3567 741 3613 continuel-
777 3580 807 3611 un
828 3573 874 3612 mot
889 3567 917 3612 de
931 3568 984 3612 trois
1003 3566 1112 3624 syllaba,
1136 3571 1160 3610 et
1182 3565 1204 3608 la
1219 3565 1310 3620 leponlr

197 3634 280 3678 tament
290 3633 346 3678 dane
356 3641 392 3676 ses
401 3641 506 3688 psaumes
517 3631 546 3676 du
558 3633 626 3677 neant
637 3632 676 3675 das
689 3631 742 3674 eho-
776 3629 826 3686 plus
846 3629 950 3686 prohehle
973 3641 1030 3674 nous
1043 3627 1127 3673 semble
1145 3631 1195 3672 stre
1215 3626 1311 3692 qualiter

197 3705 233 3738 ses
243 3694 270 3738 de
280 3694 300 3737 la
313 3697 380 3736 terre.
776 3703 805 3735 ou
816 3689 931 3748 quilibet,
945 3690 1100 3736 commodans
1110 3689 1218 3734 lilaoius:

224 3780 252 3834 (s)
267 3780 326 3823 Dour
337 3775 457 3822 radicari.
469 3779 487 3823 ll
497 3791 534 3835 pa
549 3779 605 3822 dans
619 3776 708 3821 Flauius
720 3790 726 3819 :
843 3777 864 3805 ¹¹²
872 3781 906 3806 ves
914 3773 955 3805 ’Μ’
964 3773 1043 3813 DUM
1052 3771 1097 3804 '⁰⁰¹¹
1104 3771 1206 3812 Jueemm.

265 3851 286 3882 ¹¹²
295 3851 377 3892 (Μῦν
386 3851 469 3886 m⁰¹¹b⁰¹
479 3856 498 3884 0‘
506 3861 538 3892 ³1³⁰
548 3851 636 3882 ¹³⁰¹⁵⁰⁸s⁰=
805 3855 835 3913 (l)
847 3856 883 3903 On
893 3855 918 3900 lit
926 3855 1013 3900 ensuite
1022 3855 1077 3899 dans
1088 3853 1180 3898 Fleoius
1191 3865 1198 3896 a

821 3939 869 3978 vm,
879 3937 1045 3977 uestimentum,
1054 3935 1128 3968 lumbos
1137 3936 1254 3976 magnale.

225 3997 254 4050 (tl)
268 3995 285 4039 ll
299 4008 312 4052 y
328 4007 339 4040 a
355 3996 375 4042 l'a
390 4009 421 4040 un
437 3997 499 4053 signe
515 3994 676 4040 d’abrevialion
688 3994 741 4040 dont
821 3983 871 4059 {2¹ssss
878 3980 1262 4058 ζζῧᾞῑξξᾙξῃζᾞζξῇἶζξζᾍ,

198 4067 254 4102 noue
274 4056 367 4102 n’arons
387 4060 466 4103 trouve
485 4057 634 4114 l’explioation
651 4057 673 4101 ni
687 4057 742 4100 dans
823 4075 843 4103 ne
854 4072 958 4112 exemptum
967 4072 1035 4112 populo
1044 4070 1113 4102 ameum
1122 4069 1237 4110 menen..
