2662 4968
688 385 855 444 ..168-

312 501 362 566 Eis
373 502 491 566 dantur
504 504 626 585 omnia,
641 523 701 570 nee
714 507 805 572 deest
817 525 947 589 revera,

310 607 397 688 quod
409 625 557 674 mensura
567 611 671 676 rarius
682 615 770 692 (hoc)
781 615 866 696 capit
878 617 996 678 statera
1011 640 1021 692 ς

310 717 488 779 saeculares
501 718 607 782 clerici
619 724 696 784 sunt
707 721 836 802 quidem
849 721 1009 785 chimaera
1022 746 1034 798 ·,

310 820 355 884 sic
367 822 521 902 rependet
532 825 647 906 hospiti
661 845 803 892 suemus
817 827 850 892 in
862 845 948 908 pera.

309 959 412 1023 Crevit
422 959 506 1024 inter
518 961 646 1025 ordines
658 965 804 1024 Fratrum
816 961 936 1024 zizania
946 1009 957 1040 ,

308 1084 371 1146 qua
384 1069 501 1130 Rachel
514 1066 664 1148 inlicitur,
679 1069 832 1148 fatigatur
844 1073 927 1149 hya,

308 1174 436 1258 propter
448 1171 533 1253 ipsos
547 1172 698 1237 deserunt
711 1190 821 1238 omnes
833 1175 904 1237 loca
915 1173 968 1253 pia
983 1221 991 1253 ‚

308 1279 341 1337 et
354 1275 517 1340 dimittunt
534 1296 690 1359 pauperes
697 1281 825 1360 jejunos
838 1277 872 1341 in
885 1278 948 1344 via.

308 1411 448 1490 Cumque
460 1410 671 1490 poenitentias
683 1411 838 1474 consessio
851 1410 1042 1492 injungunt,

308 1532 389 1594 quos
400 1515 576 1592 debe(re)nt
588 1534 731 1598 pungere
744 1516 912 1580 adulantes
925 1522 1074 1598 ungrmt,

307 1635 388 1698 quos
401 1619 551 1683 deberent
564 1639 685 1702 ungere
698 1622 899 1702 increpantes
912 1627 1079 1704 pungunt,

308 1728 357 1806 et,
372 1743 446 1790 cum
458 1732 610 1809 possunt,
624 1728 744 1810 aliquid
756 1728 854 1792 abeis
866 1735 1055 1810 emungunt.

308 1866 369 1930 Sed
383 1867 409 1929 si
422 1869 616 1948 poenitentia
630 1871 671 1933 sit
684 1871 800 1952 cuique
816 1871 891 1934 data

308 1989 327 2034 a
340 1989 399 2035 suo
411 1976 612 2058 presbytero,
627 1978 715 2058 quod
727 1977 842 2041 reddat
854 1979 977 2058 ablata,

307 2082 431 2143 Fratres
441 2083 668 2163 poenitentiam
678 2086 789 2147 laxant
801 2088 834 2148 et
846 2089 994 2166 peccata,

308 2184 481 2250 dummodo
494 2189 628 2268 pecunia
640 2189 682 2252 sit
694 2189 740 2252 eis
751 2191 869 2254 oblata.

307 2330 385 2390 llam
398 2327 444 2391 sic
458 2330 582 2393 restitui
596 2333 630 2407 (1.
641 2332 821 2409 restituere)
835 2331 957 2396 iaciunt
970 2349 1084 2396 usuras

308 2435 340 2496 et
351 2432 384 2495 id
394 2435 482 2515 quod
494 2437 669 2518 acquiritur
682 2457 739 2520 por
753 2441 849 2502 Falsas
862 2456 1028 2504 mensuras
1041 2465 1049 2518 3

308 2539 382 2602 inde
394 2539 491 2604 libros
505 2542 627 2606 iaciunt
639 2547 671 2607 et
685 2563 819 2625 magnas
831 2549 1029 2626 structuras,

308 2645 365 2708 sed
375 2650 503 2727 propter
515 2649 578 2712 hoc
591 2649 716 2714 animae
726 2668 794 2715 non
805 2654 921 2715 sanant
933 2651 1099 2714 scissuras.

307 2788 382 2847 Erat
394 2787 511 2851 nostris
523 2789 669 2868 partibus.
678 2790 726 2854 vir
740 2809 894 2857 exercens
908 2793 1043 2872 Foedus,

306 2891 355 2956 vir
365 2910 517 2976 nequam,
532 2896 580 2959 vir
590 2897 705 2980 Belial,
720 2898 769 2963 vir
782 2898 877 2962 nimis
888 2900 1087 2978 obscoeuuS,

307 3001 468 3062 monetam
482 3000 653 3066 falsificans
666 3003 781 3066 summi
797 3004 901 3087 regis,
917 3006 1031 3085 plenus

306 3105 392 3168 omni
406 3106 492 3188 labe,
507 3125 659 3189 respuens
673 3109 861 3173 femininum
875 3127 987 3190 genus.

305 3247 361 3310 llic
372 3265 496 3329 semper
510 3249 684 3315 discordias
697 3252 780 3315 iuter
792 3256 916 3315 Fratres
927 3251 1027 3333 sevit,

202 3421 206 3428 ,
304 3354 358 3418 Dei
371 3359 404 3419 et
416 3357 574 3421 Ecclesiae
587 3361 678 3438 jussa
690 3376 813 3440 semper
826 3358 1007 3440 [e]sprevit;

304 3463 412 3546 furtis,
427 3463 605 3528 homicidiis
617 3469 650 3528 et
663 3466 782 3547 rapinis
795 3466 899 3530 haesit
911 3468 945 3542 (l.
958 3465 1117 3545 croniti),

304 3570 337 3630 et
350 3567 481 3632 domum
493 3569 602 3634 illicito
617 3572 770 3634 thesauro
785 3571 928 3651 replevit.

303 3708 359 3772 llic
371 3710 517 3774 mittebat
529 3712 705 3794 Fratribus,
726 3714 808 3775 hora
820 3711 995 3792 matutina,

303 3834 382 3898 oua,
397 3818 516 3899 piseeS,
530 3837 658 3899 caseoS,
674 3819 806 3882 meliora
817 3818 910 3899 vina,

301 3923 461 4010 pastillos,
476 3929 537 4024 [et]⁴
547 3929 708 3988 artocreas
720 3942 761 3986 ex
774 3926 802 4004 ej
807 3942 847 3988 us
854 3924 965 4004 rapina
978 3951 990 4003 3,

301 4032 369 4090 erat
382 4035 526 4094 Fratrum
539 4030 651 4094 fertilis
664 4033 847 4112 frequenter
864 4029 1013 4110 coquina.
