2684 4970
477 445 633 502 *327—

98 577 182 651 Ergo
197 569 289 635 nous
301 569 459 649 quaedam
470 571 574 648 placet
587 572 624 631 ut
638 587 721 634 nova
734 573 877 636 versibus
889 575 1001 656 edam,

99 682 187 753 Quae
202 677 326 744 diseunt
338 675 430 738 multi
445 675 597 740 novitatis
610 679 776 741 stemmate
789 679 884 760 culti,

15 905 86 950 Platon
94 904 172 959 tuque
183 901 294 947 acceraito
306 897 395 955 indole)
409 899 441 942 alt
451 911 458 942 ε
467 899 540 942 fanu
575 900 648 952 aiunt,
661 901 767 951 amnium,
779 910 838 958 quae
847 909 888 958 nro
899 901 987 948 christo
997 902 1115 957 dabantur,

15 965 85 1010 ilerum
109 965 223 1009 fructuum
246 969 325 1020 coptus
349 974 398 1006 sum
418 961 539 1014 desiderio,
575 962 685 1006 decimam
709 967 795 1018 partem
818 963 943 1018 iurabatur,
966 969 989 1008 et
1008 963 1057 1008 ideo
1074 975 1115 1017 pro

15 1028 70 1082 ruod,
92 1026 112 1070 si
137 1026 172 1069 ltis
194 1025 314 1070 iruatratoa
337 1021 413 1075 luero,
437 1021 540 1080 spiritum
574 1023 661 1068 decima
675 1031 827 1080 parte,qoam
841 1025 1116 1081 inungueutoamiserat,

15 1088 116 1133 arhalalto.
132 1088 239 1133 concitus
252 1087 320 1143 igitur
330 1086 401 1130 ludas
412 1085 435 1128 in
449 1096 541 1141 pomoe-
574 1085 660 1130 acilicct
681 1098 723 1142 oro
745 1087 836 1142 triginta
858 1087 970 1138 denariis,
994 1087 1115 1130 Dominum

15 1149 60 1193 ium
70 1150 146 1194 insiliit
156 1155 179 1193 et
188 1147 287 1193 velocius
301 1145 359 1191 mala
374 1146 454 1202 carpit.
473 1145 540 1190 lule·-
575 1145 678 1191 venditit.
696 1147 758 1202 Quos
772 1151 862 1202 mutan,
875 1148 1010 1203 poenitentia
1021 1148 1115 1202 ductus,

15 1221 43 1255 rea
67 1211 147 1256 Rubeo
171 1210 233 1255 venit
260 1214 283 1254 et
307 1209 389 1253 iudam
414 1205 472 1252 maio
499 1219 540 1252 sua
574 1208 650 1253 retulit
663 1213 687 1253 at
700 1209 777 1254 abiens
797 1209 878 1264 laqueo
898 1219 922 1254 sa
942 1209 1070 1265 suspendit,
1092 1215 1116 1254 et

14 1278 130 1330 turpantem
152 1272 245 1316 invenit.
263 1270 359 1315 Fortiter
384 1271 451 1326 igitur
474 1270 540 1314 ambo
575 1281 695 1326 suspensus
719 1270 805 1328 crepuit
826 1265 911 1315 medius
929 1276 951 1315 et
968 1270 1048 1319 diffusa
1064 1276 1116 1314 aunt

14 1336 137 1379 corundunt
162 1339 184 1379 at
207 1333 282 1389 jurgia
303 1331 467 1388 superadduut3
490 1338 540 1387 post
574 1329 650 1375 omnia
672 1331 761 1376 viscera
780 1333 844 1389 ejus3
858 1345 880 1389 p.
898 1335 1004 1386 tettae,
1027 1332 1062 1376 ed.
1089 1332 1116 1377 de

14 1397 71 1451 iurgia
92 1400 187 1450 surgunt
204 1395 232 1440 ad
253 1393 346 1440 verbera
364 1399 387 1437 et
410 1394 493 1438 mutuis
517 1405 541 1438 se
576 1393 609 1438 lt.
622 1393 711 1439 Grasse.
726 1394 758 1438 La
771 1393 813 1439 Via
827 1395 867 1450 qui
884 1406 908 1439 se
927 1400 1006 1438 trouve
1023 1395 1079 1438 dana
1096 1394 1117 1439 la

14 1457 225 1513 iniuriisallecernnt.
237 1456 335 1501 Tandem
347 1456 417 1500 ludas
428 1456 541 1501 Rubenln
575 1465 617 1499 ros.
632 1459 710 1510 eoas,
730 1455 766 1500 lot.
789 1468 852 1511 cxx,
870 1465 913 1510 ro,
932 1456 974 1500 col.
994 1459 1020 1508 t,
1034 1455 1117 1500 semble

14 1529 30 1562 a
48 1525 123 1575 parto,
145 1530 191 1576 qua
212 1519 289 1564 cervix
304 1517 359 1562 eollo
384 1519 537 1570 connectitur,
576 1517 637 1562 aussi
653 1517 709 1562 tirda
722 1518 750 1562 da
760 1518 782 1562 la
796 1517 902 1574 Leueade
917 1517 1000 1571 dorda,
1014 1515 1116 1573 puiaqo'il

15 1581 69 1636 solda
87 1581 212 1638 percussit,
225 1579 309 1636 pariter
325 1585 348 1622 ct
361 1577 452 1623 occidit.
467 1577 537 1623 Poma
576 1579 612 1636 n’y
626 1579 749 1624 ad'aulres
766 1579 896 1624 diffdrenoas
910 1592 954 1634 que
970 1579 1009 1623 des
1025 1585 1116 1622 retran-

14 1643 67 1697 'gitur
86 1643 177 1687 sustulit
195 1650 218 1688 et
234 1642 321 1693 Pilato,
341 1641 395 1697 qnid
417 1640 540 1692 acciderit,
577 1642 693 1686 coementa
724 1639 881 1697 intignlllauta.
915 1639 963 1684 lilla
987 1652 1116 1685 commence

14 1705 123 1749 enarravit.
147 1704 199 1748 Jarn
224 1702 259 1747 dia
280 1703 401 1747 inclinante
428 1708 451 1746 et
476 1707 542 1746 nocte
577 1703 712 1747 ainstzrutt
724 1703 746 1747 iu
758 1702 835 1747 diebus
845 1701 940 1746 Herodis
950 1702 1023 1757 regis,
1038 1702 1117 1757 Pylato

14 1765 184 1821 tummeniente,
207 1765 287 1810 Ruben
308 1771 409 1810 mortuus
429 1763 543 1808 invenitur
576 1765 730 1821 praesidatu
741 1753 764 1808 in
777 1765 871 1818 iudaea,
886 1763 967 1808 Ruben
979 1764 1075 1818 uomina,
1088 1775 1120 1808 an

13 1829 540 1883 ttsuttuneamortepraeventusessepotetor.
577 1827 636 1871 trihu
654 1826 727 1880 luda,
748 1827 787 1882 qui
808 1827 880 1871 noctis
909 1827 931 1870 in
956 1826 1119 1882 tempestaita),

13 1889 63 1932 lunc
78 1889 166 1934 Pilatus
178 1900 255 1933 omnes
272 1887 391 1932 facultates
402 1887 483 1931 liuban
496 1887 542 1930 iu·
577 1887 683 1944 legalibus
696 1889 772 1932 uxoris
788 1900 842 1932 suaa
859 1886 973 1944 Cyboreae
986 1887 1117 1942 alligabatur

13 1948 187 1996 laatraddiditet
197 1949 333 2007 Cyboraam,
346 1961 440 1994 uremur
449 1949 542 2003 llubcu,
577 1950 729 2006 amplexibus3
749 1956 772 1994 et
790 1961 820 1994 on
835 1949 860 1993 lit
878 1950 892 1994 a
912 1950 933 1995 la
954 1949 998 2003 lin,
1015 1947 1116 2000 Ibidem,

13 2014 117 2068 mnjngem
129 2011 202 2056 iudae
217 2011 285 2055 dedit.
298 2010 401 2066 Quadam
416 2011 484 2066 igitur
494 2010 542 2064 dle,
578 2011 619 2056 ool.
631 2017 645 2055 2
657 2025 664 2057 t
678 2011 707 2056 Et
725 2012 814 2068 triginta
833 2012 953 2056 Dominum
968 2010 1064 2056 vendidit
1075 2021 1116 2054 ar-

13 2072 53 2116 lum
67 2073 169 2130 (luheren
184 2073 283 2128 graviter
291 2073 415 2128 suspiraret
428 2077 451 2117 at
463 2071 542 2127 iudas,
577 2075 671 2128 renuis.
694 2073 779 2118 videns
802 2079 877 2119 autam
903 2074 957 2130 qnia
977 2073 1118 2117 innocentem

13 2135 37 2178 tir
47 2137 111 2191 ejus,
125 2135 180 2191 qnid
191 2135 295 2190 haberet,
314 2135 430 2192 diligenter
444 2135 542 2178 interro·
579 2137 781 2188 condemnaverat,
805 2137 904 2192 projecto
924 2135 948 2178 in
966 2135 1046 2190 temolo
1062 2145 1117 2178 san-

13 2202 74 2251 uret,
97 2197 134 2240 illa
160 2195 364 2250 raspondltriiaul
392 2195 542 2240 intelicissima
577 2196 746 2253 guintspreuo,
760 2197 840 2252 laqueo
859 2209 884 2242 sa
900 2197 1014 2254 suspendit
1029 2202 1117 2242 etme-

13 2269 49 2301 um
63 2258 165 2302 omnium
180 2257 396 2313 feminarumque
410 2257 543 2303 iniantulunn
578 2257 628 2302 dius
646 2259 742 2314 crepuit.
762 2259 879 2304 L'lnistoira
902 2271 947 2314 qua
967 2259 1082 2304 Abraham
1102 2269 1116 2302 a

13 2329 75 2365 neum
95 2319 188 2364 marinis
205 2317 310 2364 iluotibus
326 2317 425 2363 immersi
436 2323 459 2362 et
468 2319 543 2362 virum
579 2317 741 2362 Sancta-Clara
755 2318 830 2376 publia
844 2332 871 2364 en
883 2324 948 2373 1687,
967 2331 1019 2363 sous
1033 2317 1053 2363 le
1067 2319 1118 2363 titre

12 2393 75 2425 neum
92 2386 166 2426 morta
189 2387 337 2436 praetentum
355 2380 442 2433 inveni,
462 2380 500 2424 scd
521 2384 544 2424 et
578 2379 606 2424 de
623 2379 700 2424 iodea
714 2379 758 2425 der
770 2379 907 2426 trescasas
926 2379 1007 2435 (tudae
1026 2380 1118 2425 l’archi-

12 2442 68 2487 lolori
85 2443 168 2487 misere
182 2442 267 2488 Pilatus
281 2441 364 2486 addidit
380 2441 493 2494 dolorem,
504 2440 542 2497 qui
573 2442 682 2496 coquin),
694 2447 728 2486 est
739 2453 768 2486 au
779 2442 890 2486 contraire
904 2441 952 2498 plus
969 2440 1117 2496 developpde,

11 2515 35 2548 ne
49 2505 223 2550 moestissimam
243 2501 322 2560 nuptui
339 2499 430 2547 tradidit
443 2508 466 2546 et
481 2502 543 2546 invi·
578 2508 602 2547 et
616 2503 655 2559 ily
669 2515 683 2548 a
697 2502 736 2547 das
746 2503 860 2550 variantes
870 2501 985 2556 notables;
999 2501 1054 2546 ainsi
1065 2503 1118 2546 ltu-

12 2567 109 2610 lssimarn
124 2566 164 2609 tibi
177 2566 199 2609 in
212 2567 329 2621 conjugem
340 2564 461 2621 copulavit.
474 2564 543 2609 Cum·
578 2566 621 2610 ben
633 2571 655 2610 et
668 2577 693 2609 sa
710 2564 791 2610 lemme
802 2564 879 2610 virent
897 2575 924 2609 eo
943 2562 985 2608 iort
1002 2563 1118 2607 mauvaise

12 2639 42 2682 tue
54 2628 91 2671 illa
104 2628 179 2672 omnia
197 2628 225 2672 da
239 2626 347 2672 inlantulo
361 2631 501 2677 enarrasset,
521 2630 544 2671 et
578 2625 728 2684 iutelligeoce3
741 2626 796 2672 c'eat
810 2629 883 2670 meme
897 2637 952 2682 pour
967 2623 1014 2668 cela
1028 2623 1071 2667 dor
1084 2623 1119 2667 rie

14 2689 118 2734 udasilla
132 2689 246 2746 quaeant
260 2689 543 2743 acciderant,retuliasat,
578 2689 650 2734 daea
671 2688 766 2734 aledea
789 2686 885 2744 Uestali
907 2687 1030 2744 caucanet,-
1048 2684 1117 2729 iudas

12 2757 116 2795 nreutum
138 2756 187 2804 est,
207 2751 265 2807 quod
284 2750 355 2795 iudea
371 2756 465 2794 matrem
479 2761 542 2794 suam
577 2751 743 2808 rarientdoied
753 2751 780 2796 de
791 2749 1000 2802 l'llcSchoriotlt,et
1010 2744 1120 2791 liubenla

12 2825 20 2856 r
34 2825 108 2858 uxore
119 2811 209 2857 duxerit
218 2817 341 2869 etpatram
350 2825 416 2858 suurn
427 2812 542 2858 occiderit.
578 2821 691 2870 pronoque
704 2812 750 2856 rsit
759 2809 939 2856 aemilianae
957 2805 1118 2870 stasim-‚uod

12 2874 143 2919 *oscitantia
158 2874 225 2930 igitur
238 2873 334 2930 ductus,
349 2875 456 2920 suadente
470 2873 544 2930 cybo·
578 2872 728 2920 Diebeattiai.
748 2874 767 2919 ll
778 2873 848 2919 existe
861 2872 922 2918 aussi
932 2883 960 2916 en
971 2869 1059 2916 caeduis
1074 2881 1118 2914 une

12 2947 55 2990 aa,
70 2935 197 2981 Dominum
216 2941 318 2980 nostrum
338 2936 416 2982 laturo
431 2935 544 2980 Christum
578 2934 621 2980 Via
634 2935 747 2992 populaira
756 2935 784 2980 de
793 2934 876 2989 Iudas,
887 2935 941 2978 dont
951 2938 1008 2976 nous
1017 2929 1120 2976 connais·

12 2997 50 3042 diit
65 3005 90 3042 et
106 3009 198 3043 suorum
213 2997 342 3042 delictorum
357 2997 445 3042 veniam
462 2997 544 3054 implo-
579 3007 630 3042 sons
642 3009 685 3041 une
695 2997 777 3041 adition
788 2997 815 3041 de
825 3000 890 3047 1833,
903 2994 943 3052 qui
953 3006 965 3038 a
975 2993 1011 3040 ott
1022 2992 1118 3038 traduita

12 3060 65 3104 orit.
80 3060 210 3114 Hucusque
221 3059 244 3104 iu
258 3059 373 3116 praedicta
382 3057 475 3103 historia
485 3069 544 3112 θρο-
580 3070 608 3102 en
619 3057 728 3104 allemand
744 3058 799 3103 dana
811 3058 832 3102 la
846 3053 923 3102 Neam
939 3050 1121 3098 intromittar

12 3122 84 3176 rypha
102 3121 197 3178 legitur3
211 3127 355 3176 quaeutrum
371 3119 486 3165 recitanda
500 3118 545 3171 ait,
579 3118 740 3164 tattonem
762 3117 916 3174 Gaaeilroltosi
941 3116 986 3173 fur
1008 3115 1123 3160 desolacio

12 3185 89 3228 notoria
104 3183 197 3228 arbitrio
206 3181 359 3238 relinquatur,
370 3183 422 3226 licat
433 3181 462 3225 sit
472 3179 545 3236 potius
579 3180 689 3238 sponde
707 3179 758 3224 aad
777 3177 1016 3230 Alterldomriartda,
1033 3184 1052 3222 t.
1072 3177 1118 3229 vt,

12 3245 148 3302 alloquenda
160 3256 230 3300 quam
241 3243 370 3290 armanda.
381 3243 489 3288 Dormnus
500 3252 545 3286 au·
579 3255 602 3298 n.
622 3246 670 3287 tlt.
690 3241 775 3297 lialgrd
795 3241 816 3286 ln
835 3241 918 3296 grando
938 3238 1122 3293 rassemblanoo,

12 3318 43 3350 ern
59 3320 130 3352 suum
148 3318 200 3351 curn
214 3305 267 3350 lecit
281 3306 413 3362 discipulum
424 3310 447 3350 et
458 3305 485 3348 de
496 3304 546 3348 dis·
580 3316 636 3348 nnus
649 3315 720 3348 arona
732 3313 828 3359 oraeque
841 3302 873 3346 dit
883 3301 989 3348 t'tdentttt
999 3299 1039 3344 des
1051 3299 1120 3352 tuta,

12 3368 74 3425 inuio
89 3371 113 3413 in
126 3380 194 3412 suum
202 3367 268 3423 elegit
281 3367 418 3423 apostolum,
433 3365 472 3422 qui
490 3365 548 3409 adeo
581 3366 621 3410 elle
645 3363 744 3421 a’appuie
768 3363 988 3407 uas-certarnenent
1010 3372 1049 3406 sur
1073 3372 1118 3404 una

12 3431 40 3475 ilti
54 3429 176 3476 familiaris
191 3429 276 3474 asstitit
289 3434 312 3473 et
330 3428 439 3482 dilectus,
457 3432 482 3470 ut
494 3439 546 3472 eum
581 3426 684 3471 tradition
711 3422 931 3469 dintrentazltnten
954 3433 969 3477 y
991 3427 1026 3465 cst
1046 3420 1073 3465 da
1096 3420 1118 3465 la

12 3499 87 3538 sceret
106 3504 175 3537 suurn
193 3495 374 3548 procuratorem,
395 3500 463 3544 quern
483 3493 547 3544 post-
582 3487 779 3542 tribud'lsesolrar,
789 3497 813 3531 sa
824 3483 903 3530 lemme
911 3481 1013 3539 s’appelle
1023 3481 1118 3538 Libora,

12 3555 93 3600 nodum
102 3553 196 3610 pertulit
206 3563 271 3598 suum
280 3551 423 3608 proditorem.
439 3549 547 3593 Portabat
582 3552 602 3596 la
613 3551 674 3596 raiue
683 3549 755 3593 donna
768 3549 782 3594 a
793 3559 833 3593 sou
846 3546 880 3590 iila
893 3545 913 3590 le
926 3557 977 3588 notu
989 3545 1017 3588 do
1024 3543 1117 3599 ladas,

12 3617 56 3660 nim
83 3615 183 3670 loculos,
204 3619 227 3659 et
247 3625 287 3662 cu.
310 3625 369 3668 quae
393 3609 479 3656 Cirristo
501 3610 546 3655 da·
581 3605 1115 3668 parcequ’ellesedouteblcnqdiltlcntdela

12 3683 100 3732 tantur,
124 3676 251 3720 iurabatur.
272 3675 354 3720 Dolens
375 3685 429 3717 vero
448 3678 547 3728 tempore
581 3673 663 3727 Jndee,
678 3678 701 3718 et
712 3669 783 3716 ludas
799 3677 836 3716 tua
850 3668 950 3723 scopere
960 3679 1012 3711 sene
1029 3678 1117 3712 aucune

12 3740 132 3784 ominicae
156 3735 283 3792 Passionis,
310 3735 369 3792 quod
394 3739 546 3790 unguentum,
582 3735 733 3792 provocation.
747 3731 881 3790 Quautdla
900 3729 988 3775 version
1005 3727 1034 3773 dn
1049 3729 1118 3774 rieux

13 3804 58 3846 uod
72 3805 192 3845 trecentos
205 3796 308 3842 denarios
319 3795 420 3847 valebat,
433 3807 476 3838 non
494 3792 547 3838 iue—
582 3795 707 3840 Poaat'oool
726 3794 845 3848 allemand,
864 3794 917 3838 dont
930 3791 961 3836 les
972 3803 1014 3836 ms.
1025 3802 1118 3836 muron-

12 3869 32 3908 tt
43 3862 180 3914 venditum,
195 3866 220 3905 ut
230 3860 277 3904 illos
290 3859 359 3904 etiam
372 3856 473 3902 denarms
483 3855 548 3900 iura·
583 3862 630 3902 tent
641 3870 670 3902 au
681 3857 749 3902 xtve
761 3856 841 3908 siecle,
854 3866 910 3899 nous
921 3855 942 3898 la
954 3852 1061 3899 croirions
1075 3865 1118 3896 ro-

12 3931 75 3978 etnr,
100 3923 159 3968 abitt
172 3927 195 3968 at
208 3922 328 3967 Dominum
341 3920 438 3975 trigenta
451 3919 548 3963 denariis
582 3918 672 3963 lontiere
694 3930 738 3963 una
765 3915 899 3962 elaboration
919 3915 947 3959 de
967 3914 987 3958 la
1013 3911 1119 3969 dicenda

13 3986 120 4039 aedidit,
133 3995 229 4040 quorum
241 3981 394 4038 unusquisque
403 3978 492 4025 valebat
505 3979 548 4024 de·
584 3979 665 4036 dorie3
678 3980 699 4024 la
707 3979 771 4036 ,more
781 3978 808 4024 de
818 3977 888 4022 iudas
897 3977 928 4034 s’y
945 3975 1029 4034 appelle
1043 3975 1119 4033 Cybu-

12 4061 49 4094 em
64 4045 181 4092 denarios
192 4045 282 4090 usuales
293 4049 316 4090 et
326 4043 431 4088 damnum
443 4042 548 4096 unguenti
584 4054 639 4096 rea;
662 4042 682 4087 le
702 4041 846 4098 changament
866 4040 894 4084 de
915 4039 1058 4084 termineison
1079 4037 1118 4084 des

13 4111 152 4155 ceorlorum
163 4105 353 4164 recompensavit;
366 4102 449 4158 vel,ut
458 4101 548 4158 quidam
585 4115 647 4150 noms
664 4115 767 4159 prapaes,
786 4103 874 4147 suivant
892 4101 913 4147 le
937 4113 976 4146 ces
997 4099 1026 4146 ori
1048 4099 1074 4146 ila
1094 4111 1119 4144 se
