2672 4968
454 381 636 464 &sse-

109 581 116 596 ,
225 523 344 603 ebbae,
359 524 446 604 prior
459 526 498 589 de
516 529 744 610 Glbwbbsttus,

302 646 376 692 cum
390 634 477 694 totus
491 634 619 698 lunulib.

223 783 326 846 Abbus
338 783 384 846 ire
397 785 473 848 sede
485 784 629 869 sunum,

223 894 256 952 et
268 890 382 954 Prioris
390 892 484 972 juxte
497 889 602 973 ipsum
615 921 623 974 ς

221 1015 282 1078 ego
296 1015 420 1078 semper
433 999 514 1064 steri
523 989 677 1100 (tenum,

301 1101 563 1168 interreseelili'a.

222 1250 335 1314 Vinum
348 1253 436 1316 venit
449 1253 647 1334 sunguiilltis

222 1355 264 1418 ad
277 1355 391 1419 Prioris
405 1361 438 1420 et
455 1353 604 1439 lunatim

223 1459 301 1522 nihil
314 1455 407 1524 nobis
419 1457 633 1544 paupelt'atis‚

300 1564 356 1626 sed
369 1566 409 1629 sd
424 1565 512 1630 diret
526 1565 643 1628 omnin

222 1716 323 1778 Abbas
336 1715 414 1780 bibit
427 1719 469 1782 ed
481 1713 596 1782 errem
611 1746 619 1780 ι

220 1817 294 1882 dete
306 1819 416 1884 vinum
429 1822 470 1884 ad
484 1820 633 1905 lnbjoils,

218 1922 318 2001 possit
328 1941 398 1987 esse
409 1925 450 1988 de
460 1917 612 2008 minoris,

298 2029 325 2092 si
338 2047 372 2093 se
385 2030 482 2095 hebet
494 2031 607 2112 gratia.

219 2187 287 2246 Non
301 2187 349 2246 est
361 2185 483 2246 bonum
496 2171 542 2276 sle'
555 2175 684 2266 potire,

218 2290 251 2350 et
265 2291 441 2351 conventus
452 2273 531 2351 nihil
543 2277 637 2369 dare3

217 2392 291 2473 quia
304 2393 417 2457 volunt
429 2411 489 2456 nos
500 2395 637 2458 clamare

299 2498 416 2559 durum
428 2495 462 2559 in
475 2489 623 2577 capitulo.

214 2650 332 2729 Surge,
350 2647 412 2711 cito
427 2649 614 2713 recedamus
628 2697 649 2728 ‚.

213 2753 321 2815 hostes
333 2755 460 2818 nostros
470 2753 704 2836 relinquamus,

212 2859 246 2918 et
258 2855 385 2919 eurriuo
399 2858 442 2934 (l)
453 2860 521 2938 jam
534 2875 721 2940 precamus,

291 2964 405 3028 ibimus
417 2966 450 3029 in
464 2967 625 3031 claustrie.

212 3120 286 3180 Post
297 3120 489 3198 completum
503 3121 693 3201 redolemus,

212 3224 245 3283 et
258 3222 422 3286 eurrinum
435 3223 675 3306 combibimus,

212 3330 308 3408 etque
321 3327 414 3392 simul
428 3331 648 3394 conlaetamus

290 3433 323 3496 in
337 3434 409 3497 talis
423 3435 581 3500 convivia.

212 3585 307 3646 Estne
320 3583 440 3664 aliquid
457 3583 490 3648 in
505 3586 656 3650 osirim?

194 3705 197 3712 ·
211 3692 309 3752 lmmo
322 3693 408 3752 eerte
421 3692 552 3770 plenum
565 3691 654 3774 tino,

18 3907 36 3960 ll
54 3909 82 3955 Ge
102 3913 166 3962 mot,
187 3906 227 3963 qui
250 3917 274 3952 se
296 3913 374 3952 trouve
390 3907 447 3952 daus
466 3909 521 3952 trois
555 3909 594 3966 qui
621 3921 677 3954 neus
700 3906 815 3972 setislesse
838 3908 851 3954 l
871 3919 946 3953 aneon
964 3913 1010 3953 mot
1027 3919 1096 3966 gree,

18 3969 75 4024 tobes
96 3969 270 4024 consecutivae,
290 3970 347 4014 n'est
359 3981 400 4025 pas
418 3967 520 4026 euplique
555 3969 624 4026 turim·
642 3966 724 4024 selon,
747 3965 860 4026 gillique·
878 3970 962 4026 anglais
980 3982 1009 4015 ou
1029 3971 1095 4017 lmu-

18 4039 35 4074 ιε
48 4031 67 4076 ln
80 4031 187 4084 nouvelle
198 4030 281 4075 edition
300 4030 327 4075 de
346 4031 375 4074 (lu
394 4030 483 4088 Gange,
497 4033 521 4076 et
557 4031 614 4086 esis.

18 4099 68 4137 usne
77 4105 182 4151 pouvons
194 4091 214 4138 le
223 4093 338 4138 ruitaeher
346 4091 411 4137 d'une
421 4093 520 4138 muniere
