2676 4968
675 443 715 454 -
730 409 839 471 iit—

393 543 482 605 coelo
496 543 589 607 simul
602 549 635 608 et
649 550 733 611 terna
748 549 895 632 condito,

392 647 432 710 da
443 647 550 713 divino
558 653 626 731 jam
638 653 745 733 prodit
760 656 878 719 animo.

450 787 578 849 coelum
591 806 668 852 mox
680 789 874 872 spiritalibus

449 889 632 956 redimitum
643 898 692 960 est
705 895 847 980 civibus3

390 995 470 1060 haec
483 1001 647 1062 auctorem
660 1019 755 1065 suum
768 1003 932 1068 laudantia

389 1102 545 1167 matutina
559 1109 635 1170 sunt
647 1107 700 1172 illa
713 1109 828 1176 sidera.

449 1240 552 1304 Tellus
566 1240 686 1325 inanis,
701 1261 822 1328 vacua,

449 1346 569 1410 latebat
585 1349 676 1430 aquis
688 1350 811 1433 obsita3

389 1452 450 1516 bac
461 1454 588 1532 (banci)
601 1456 697 1520 iacies
709 1459 858 1538 profundi
872 1459 1007 1540 gurgitis

389 1558 546 1640 caligabat
559 1562 707 1626 obductis
720 1565 869 1629 tenebris.

445 1696 534 1774 Aqua
547 1695 581 1771 (l.
595 1699 728 1776 Aquam)
742 1699 869 1780 fovens,
885 1698 1030 1766 vivificus
1094 1719 1098 1728 ·

444 1804 512 1881 J'am
524 1802 729 1868 incumbebat
739 1805 885 1888 spiritus,

388 1911 424 1969 ut
436 1907 511 1971 hinc
523 1927 625 1990 aquae
634 1911 702 1991 jam
715 1915 792 1978 tunc
806 1915 1011 1996 conciperent

388 2015 473 2077 unde
482 2017 603 2095 prolem
617 2036 704 2086 nunc
715 2037 839 2086 sacram
851 2025 1013 2102 parerent.

445 2148 553 2211 Mundi
566 2169 694 2232 quoquc
707 2153 881 2233 primordia
893 2158 937 2236 (1)

445 2254 526 2318 lucis
538 2239 712 2322 venustans
727 2260 846 2344 gratia,
944 2245 950 2261 ’

386 2360 469 2424 dixit
481 2367 564 2426 Deus
577 2392 585 2426 =
603 2365 649 2430 Sit
660 2363 738 2430 luxi
753 2370 787 2430 et
799 2369 884 2432 iacta
897 2373 962 2452 est,

385 2485 404 2528 a
420 2468 558 2532 tenebris
571 2469 646 2534 inde
660 2471 761 2539 divisa
775 2477 836 2539 est.
872 2489 873 2492 ’

446 2602 492 2666 Sit
504 2621 616 2684 perpes
629 2609 694 2669 Deo
709 2607 827 2690 gloria,
842 2612 903 2676 etc.

723 2851 771 2912 IV.

444 3029 479 3087 ln
493 3029 644 3091 coeterna
658 3029 810 3093 Dominus

445 3133 542 3196 verbo
558 3131 640 3196 dixit
652 3135 824 3200 altissimus
840 3167 848 3200 ι

384 3239 631 3303 Firmamentum
645 3241 686 3304 sit
698 3242 921 3324 interpositum

386 3351 422 3409 ut
435 3346 555 3412 dividat
565 3363 721 3429 aquarum
734 3347 886 3414 medium.
996 3375 1001 3385 ·

443 3481 567 3544 Dictum
581 3481 716 3546 effectus
728 3469 883 3566 sequitur,

441 3588 575 3669 abyssus
588 3589 806 3672 interciditur3
993 3576 994 3584 ἵ

378 3695 559 3773 jacentibus
573 3696 663 3777 aquis
677 3697 824 3784 inierim,

382 3800 620 3879 suspenduntur
631 3819 733 3884 aquae
742 3807 898 3888 superius.

214 4075 243 4129 (ι)
256 4069 273 4120 ii
285 4087 298 4129 y
312 4088 323 4120 a
339 4075 395 4123 dans
405 4081 469 4123 notre
484 4076 547 4134 copia
561 4076 590 4123 bn
601 4079 687 4126 mame·
699 4066 741 4138 ῥὶς
754 4085 872 4138 peut-ttae
885 4095 1002 4144 beneque.
