2692 4976
497 419 660 478 „401-

162 558 196 604 se
209 542 344 622 genibus
358 542 449 606 lteris
459 546 615 608 sterneret
627 549 701 609 ante
714 547 810 628 pedes
822 574 830 630 3

118 651 160 710 Et
170 649 358 729 persistebat
370 649 403 714 iu
417 653 501 714 terra
514 651 597 716 sieut
609 652 766 737 adorans,

161 755 258 820 donet
271 755 423 838 surgendi
435 756 527 838 signa
539 759 629 822 daret
639 762 816 826 blaobomes
827 763 880 843 (t).

65 951 70 964 ,
118 888 260 970 Contigit
273 892 310 953 ut
320 890 434 954 tierent
443 890 507 954 illio
517 893 668 956 solemnia
680 895 855 976 quaedam,

162 995 203 1058 ad
214 1015 298 1078 quae
308 998 458 1063 convenit
470 999 570 1080 patria
584 1001 651 1062 tota
665 1001 750 1084 iere3

119 1107 180 1165 Per
192 1122 227 1167 se
238 1108 420 1188 magnates,
434 1124 492 1186 per
502 1123 537 1170 se
550 1108 655 1189 plebs,
670 1110 703 1171 et
713 1109 873 1174 muliebris

161 1213 334 1278 amoribus
345 1231 441 1278 sexus
455 1213 643 1280 dissociatus
657 1221 735 1280 erat.

118 1319 287 1383 Femineus
300 1336 397 1382 sexus
409 1320 443 1382 in
456 1320 560 1384 verbis
572 1340 695 1403 semper
708 1326 849 1388 abundat
860 1352 868 1406 3

162 1426 279 1491 dixeris
292 1445 461 1509 areanum,
476 1427 531 1494 vix
541 1429 674 1494 reticere
686 1435 801 1512 potest.

118 1533 170 1597 Sic
184 1551 267 1596 uxor
280 1533 451 1598 blaobomis
464 1539 624 1600 conventu
636 1537 718 1600 dixit
730 1537 763 1600 in
774 1537 828 1600 illo

159 1658 242 1721 quae
255 1641 388 1705 celanda
401 1640 460 1706 sibi
475 1643 653 1708 crediderat
665 1646 854 1710 llacbomes.

119 1751 261 1827 Namque
273 1745 323 1810 sui
337 1746 414 1810 dum
431 1765 577 1828 quaeque
589 1749 648 1813 viri
660 1750 771 1814 laudes
783 1753 993 1830 memoraret,

160 1853 307 1918 omnibus
321 1853 389 1934 ipsa
405 1871 500 1919 suum
512 1856 696 1936 praeposuit
708 1857 925 1938 ldaebomem,

120 1961 254 2025 Diaeus:
272 1985 288 2020 n
302 1965 339 2024 lu
352 1961 466 2026 vestris
476 1962 632 2043 quidquid
647 1963 806 2028 laudabile
819 1966 945 2028 constat

159 2070 255 2148 longe
268 2067 431 2148 praecellit
440 2068 476 2132 in
486 2071 684 2134 Machamete
694 2088 777 2134 meo.

117 2174 328 2253 Quinetiam,
342 2193 425 2241 nova
437 2175 464 2238 si
480 2194 543 2256 qua
557 2180 641 2239 Deus
650 2175 799 2256 proponit
811 2180 855 2252 (2)
868 2176 1010 2256 agenda,

159 2282 292 2362 augelus
305 2280 358 2344 ille
370 2298 442 2346 meo
454 2280 582 2344 nuntiat
595 2283 669 2343 ante
683 2280 752 2344 viro
763 2307 772 2361 3

117 2390 173 2469 ut,
187 2387 263 2468 quia
276 2367 417 2468 coniugii
431 2389 614 2470 uos-castus
624 2379 713 2449 arnor
726 2385 803 2448 facit
817 2403 937 2466 unum,

156 2495 244 2558 nulla
259 2495 351 2574 putat
364 2495 543 2558 llaobomes
556 2510 623 2556 uon
636 2491 810 2571 retegeuda
827 2488 914 2552 mibi.

114 2601 217 2682 Unde,
232 2601 330 2665 tidem
343 2600 422 2664 mibi
435 2600 462 2664 si
478 2599 583 2666 tacitis
596 2601 718 2662 secreta
732 2602 841 2662 tenere

153 2726 237 2789 quae
247 2707 339 2780 vobis
350 2706 454 2772 dicatu
467 2755 476 2789 ‚
490 2707 570 2771 mira
585 2709 693 2770 lutura
708 2707 831 2786 loquar.
849 2726 864 2760 ι

113 2813 279 2876 Affirmant
292 2831 404 2877 omnes
418 2831 453 2876 se
466 2814 554 2876 nulla
568 2813 703 2893 prodere
714 2828 829 2891 eausa,

158 2921 260 2986 donee
273 2921 319 2985 eis
330 2922 510 2984 blaebomes
527 2919 636 2999 ipsave
647 2918 828 2999 praecipiat.

0 3135 8 3182 l
48 3158 75 3212 (ti
89 3155 129 3201 0n
146 3169 160 3202 a
178 3156 210 3200 dit
229 3157 290 3202 aussi
307 3167 352 3212 que
375 3156 491 3203 ldabomet
503 3154 564 3200 avait
599 3153 687 3198 inlidet
695 3153 809 3206 entitur,
823 3155 860 3200 ob.
873 3167 918 3208 ru,
929 3168 951 3212 p.
962 3161 987 3200 21
998 3187 1005 3206 .
1018 3157 1032 3202 i
1043 3157 1139 3214 lappen-

28 3219 113 3264 babitue
123 3229 169 3263 uue
178 3218 278 3263 solombe
288 3218 300 3263 t
310 3219 370 3263 rubr
384 3229 423 3262 sur
437 3217 564 3273 sonepaule
598 3216 648 3260 dioe
666 3215 696 3259 du
716 3215 868 3272 Geopropbio
886 3215 1031 3261 nebiensis:
1045 3219 1137 3264 Summa

27 3287 45 3324 et
55 3281 108 3327 ilui
124 3280 246 3336 beoqueter
259 3279 361 3334 l’oreile,
375 3284 398 3324 et
411 3278 565 3335 qu’itpreten-
598 3276 753 3322 columbarum
773 3277 836 3333 eopia
859 3277 986 3332 invention
1006 3289 1065 3334 quae
1084 3279 1138 3335 quia

27 3343 67 3386 tait
84 3341 189 3386 reeeroir
205 3341 237 3386 les
250 3343 327 3388 ordres
347 3340 374 3385 de
393 3340 450 3386 Dieu
469 3351 563 3398 parson
598 3342 650 3382 sunt
668 3337 695 3381 de
713 3349 793 3394 genere
807 3342 875 3394 atque
889 3338 957 3394 stirpe
975 3340 1024 3395 ejus
1039 3350 1098 3394 quae
1109 3341 1137 3385 ad

27 3403 203 3459 intermediaire;
215 3412 285 3460 verer
306 3401 416 3458 Scaliger,
439 3399 513 3448 Notae
536 3399 564 3444 in
598 3398 737 3446 ldahornedis
749 3410 817 3444 aures
837 3400 873 3454 tut
887 3399 1034 3446 ldosiemanni
1048 3413 1138 3457 nugan-

27 3465 166 3516 inmitium.⁸
181 3465 286 3521 Grotius,
300 3465 333 3510 no
347 3464 449 3508 veritate
460 3462 564 3520 ralipio·
598 3462 647 3517 tur)
662 3461 796 3516 accedebat,
810 3473 837 3505 eo
850 3461 932 3518 pollent
946 3461 1061 3519 privilegio
1070 3468 1138 3519 etque

26 3527 237 3582 themistianae,
259 3527 273 3572 i.
292 3537 327 3578 vr,
350 3537 372 3582 p.
393 3529 447 3576 tom
470 3525 563 3578 Nauae,
599 3523 748 3577 auctoritate,
769 3529 794 3566 ut
814 3535 857 3567 non
880 3522 950 3566 solutu
967 3535 1006 3568 eas
1022 3524 1138 3580 occidere,

27 3587 97 3646 ineps
112 3587 199 3644 rl’itot,
214 3589 250 3634 ob.
266 3599 306 3643 nr,
320 3599 341 3643 p.
356 3591 408 3637 ³22.
429 3591 453 3632 et
471 3585 503 3631 ld.
522 3587 564 3630 bi·
599 3584 637 3628 sed
648 3589 827 3640 auteepereaut
838 3584 914 3640 lugere
926 3585 1047 3630 nelasesse
1060 3586 1139 3630 existi-

26 3650 88 3706 dron‚
107 3649 281 3707 leontoprapitie
300 3648 454 3701 obritienne,
474 3659 496 3704 p.
511 3650 561 3692 too.
599 3651 669 3690 ruent.
686 3647 717 3690 Le
729 3645 809 3690 sileuoe
823 3657 865 3702 que
877 3647 969 3702 gardent
988 3647 1103 3692 lliidebert
1115 3653 1139 3693 et

26 3711 137 3766 Poeoelre,
147 3710 272 3768 Spectmen
281 3707 564 3763 birnrioornmorobnm,
599 3706 702 3752 datterus
715 3718 798 3763 proure
810 3709 934 3764 rependant
948 3720 992 3765 que
1001 3714 1060 3754 oette
1070 3711 1139 3754 tradi·

26 3780 96 3828 notes,
117 3785 140 3830 p.
160 3776 206 3826 18¹1,
224 3779 247 3818 et
261 3771 362 3826 (libbam
377 3770 484 3816 llirtoire
497 3769 526 3814 de
540 3768 565 3813 lo
600 3768 646 3813 tion
659 3769 736 3814 n’etait
753 3781 793 3825 pas
813 3769 857 3813 lort
869 3770 983 3826 repandus
1003 3771 1100 3827 pendant
1118 3773 1138 3817 le

26 3833 153 3878 Mcodenee
167 3833 196 3878 de
205 3832 322 3890 l’limpire
336 3832 444 3886 romain,
458 3837 474 3876 t.
488 3831 523 3886 Χ,
536 3843 560 3886 p.
599 3831 656 3876 xlle
666 3831 747 3885 siecle,
761 3831 871 3887 quoique,
886 3831 942 3876 ainsi
957 3832 1024 3888 qu’ou
1038 3833 1058 3878 le
1071 3846 1138 3880 verra

25 3905 73 3952 tii,
92 3906 146 3944 note
166 3905 191 3954 1,
210 3906 250 3944 ont
268 3898 347 3944 assuri
361 3898 488 3954 qu’auouue
501 3903 563 3953 trane
600 3893 647 3949 plus
666 3894 719 3948 bas,
737 3891 870 3937 Vincentius
890 3893 917 3937 de
931 3893 1042 3940 beauvais
1055 3907 1082 3939 en
1098 3899 1137 3942 erit

26 3961 48 4002 te
61 3967 122 4006 cette
134 3961 238 4006 tradition
249 3973 278 4006 ne
289 3973 314 4006 se
323 3960 422 4005 trourait
435 3971 463 4004 en
473 3960 563 4012 Orieat3
600 3957 760 4001 connaissance
770 3955 825 3999 dans
834 3954 854 3999 ie
865 3953 945 3999 illlle.

27 4021 78 4064 nais
93 4035 125 4065 on
140 4022 167 4067 lit
189 4023 245 4067 dans
265 4021 355 4067 Gabriel
374 4021 457 4067 Slooita
472 4028 494 4066 et
507 4021 565 4066 Jean
600 4041 602 4046 ·
625 4028 655 4084 (α)
668 4025 780 4082 Disponit
791 4025 847 4070 dans
860 4025 888 4070 Α.

27 4081 158 4137 llesronita‚
175 4082 299 4128 Trociotna
312 4084 341 4128 de
350 4082 474 4129 nonnullis
482 4083 565 4127 orien-

999 4131 1035 4187 26
