2672 4968
664 485 830 541 -256—

494 609 659 692 proposuit
670 611 754 672 hane
766 609 870 688 legem
886 633 892 666 :

493 717 688 782 iherusalem
702 764 710 797 ,
724 711 853 777 exulta!

495 857 534 918 Ut
547 849 661 915 concio
674 847 777 913 fidelis
789 897 798 928 ‚

493 963 520 1025 si
533 961 603 1025 vult
611 957 706 1040 potiri
720 954 837 1032 coelis,

495 1071 587 1134 curet
597 1062 721 1144 accingi
735 1059 826 1124 talis:

494 1169 708 1240 therusalem!
724 1164 851 1231 exulta!

496 1313 536 1374 Ut
548 1305 682 1388 perimat
695 1304 866 1383 tyrannm,

494 1417 549 1498 qui
562 1431 619 1496 per
630 1415 697 1474 tam
708 1408 828 1471 multos
841 1419 942 1466 annos
955 1449 962 1481 ,

499 1521 658 1586 vexarunt
670 1511 864 1580 Chiistianos
875 1538 882 1571 ι

498 1625 710 1701 iherusalem,
725 1616 849 1682 exulta!

493 1764 534 1827 Ut
544 1762 634 1825 locus
646 1772 723 1820 suae
736 1749 864 1829 mortis,

500 1869 593 1931 nohis
606 1883 661 1946 per
672 1861 769 1926 iidem
782 1857 878 1938 ortis,

496 1972 642 2056 propriae
652 1970 708 2034 iiat
718 1968 813 2032 sortis
827 1994 835 2027 ι

498 2079 711 2158 iherusalem,
729 2071 854 2139 exulta!

496 2221 576 2278 Vera
590 2230 641 2275 res
655 2212 704 2274 est
719 2211 751 2271 et
763 2210 857 2286 nota3

498 2340 564 2385 non
580 2321 702 2382 estDeo
713 2315 846 2393 devota,

499 2447 578 2511 gens
591 2445 658 2490 non
672 2423 807 2488 adhaec
821 2422 1015 2496 com(m)ota.

498 2534 708 2616 memsam,
721 2527 845 2592 exulta!

500 2674 566 2731 Hoc
578 2663 755 2747 praemium
768 2679 826 2725 rex
840 2661 946 2743 dabit,

499 2772 586 2854 quod
598 2789 634 2834 se
643 2767 859 2833 manifestabit

504 2879 579 2942 huic
591 2876 645 2958 qui
658 2877 741 2939 hene
751 2875 916 2956 pugnabit.

500 2985 710 3064 therusalam,
723 2981 851 3045 exulta!

500 3123 562 3182 Cur
575 3135 652 3196 ergo
666 3117 812 3179 creatura

504 3244 571 3289 non
580 3224 694 3288 militet
705 3239 834 3302 secura,

502 3350 576 3396 eum
589 3331 630 3394 sit
641 3331 703 3393 hoc
714 3331 886 3410 adeptura?

500 3438 714 3518 matusalem,
729 3435 856 3500 exulta!

502 3576 603 3648 Quam
615 3572 697 3634 bene
708 3568 805 3634 servit
816 3569 914 3649 patri,

503 3679 608 3759 proles
622 3677 737 3740 devota
751 3674 860 3755 matri,

503 3784 549 3847 sic
560 3783 715 3864 placitura
728 3779 834 3844 fratri!

504 3888 713 3953 iherusalem!
728 3887 854 3950 exulta!

504 4024 644 4103 Christe,
661 4022 724 4084 tuis
736 4039 770 4084 es
782 4025 890 4102 pater3

504 4132 561 4211 ipsi
575 4132 650 4193 suni
663 4129 719 4192 tihi
732 4132 850 4207 maten
