2662 4968
694 427 860 486 —ltl-

256 581 258 588 ·
356 572 452 634 seque
466 555 620 617 dilaniant
631 571 719 618 more
732 555 924 636 serpentium
940 583 948 634 t

356 662 395 722 Ut
408 677 503 722 canes
516 661 685 750 conferunt
698 661 883 724 inimicitias

357 769 452 846 atque
464 767 625 830 latrabiles
638 771 739 847 agunt
752 767 903 847 insidias,

357 871 386 935 Si
401 872 518 935 debent
530 873 623 936 silere
636 873 753 953 templo
764 875 814 938 vel
827 875 945 955 epulis,

356 979 530 1058 loquuntur
544 983 577 1042 et
587 984 711 1043 certant
721 980 822 1062 signis
834 984 868 1043 et
881 981 992 1044 oculis.

356 1081 527 1148 Laetantur
539 1086 712 1150 daemones
722 1101 795 1152 cum
810 1089 890 1150 haec
903 1086 1078 1167 aspiciunt,

357 1194 389 1252 et
401 1210 534 1271 peccare
546 1194 648 1274 magis
661 1199 829 1276 peccantes
847 1193 986 1274 iaciunt,

356 1296 415 1372 Qui
428 1300 554 1361 tautum
568 1299 684 1363 invidis
695 1300 1018 1381 ministrantodium,

357 1405 443 1483 quod
456 1406 537 1468 ordo
551 1407 684 1470 vertitur
696 1407 756 1470 illis
768 1408 803 1471 in
816 1407 968 1471 taedium.

357 1515 539 1592 Suggerunt
552 1513 723 1576 daemones
736 1511 797 1577 illis
810 1513 978 1594 invidiam,

357 1618 499 1699 iramque
512 1619 687 1701 seminant,
706 1622 852 1700 plantant
865 1619 1055 1683 discordiam
1069 1645 1077 1701 3

358 1729 462 1788 Bonos
475 1743 510 1788 se
523 1727 644 1806 fingere
658 1729 774 1807 rogant
786 1726 985 1808 hypocritae,

355 1834 459 1911 iustos
470 1850 504 1896 se
516 1833 621 1896 dicere
634 1835 755 1914 coguut
768 1837 939 1914 apostatas.

358 1942 435 2001 Nam
448 1939 523 2002 victi
537 1939 663 2019 plurimi
678 1939 871 2004 daemonum
884 1940 1005 2002 artibus

359 2046 391 2107 et
405 2044 496 2108 malis
509 2045 605 2108 illecti
618 2047 835 2128 suasionibus,

359 2155 433 2213 Tam
445 2155 544 2214 Deum
557 2169 653 2234 quarn
666 2155 737 2218 loca
749 2153 914 2218 dimittunt
931 2158 1043 2222 leviter
1153 2157 1157 2162 “

359 2258 391 2319 in
405 2259 521 2338 quibus
535 2264 692 2324 voverunt
704 2265 789 2324 stare
803 2261 967 2325 stabiliter.

359 2369 413 2428 Est
426 2366 526 2429 virtus
539 2366 648 2446 itaque
659 2386 776 2448 magna
792 2369 928 2449 diaboli,

293 2483 299 2496 “
358 2491 414 2552 per
426 2491 522 2553 quem
533 2473 670 2539 convicti
684 2477 760 2538 sunt
773 2475 870 2538 etiam
883 2475 1048 2555 monaehi,

359 2580 418 2655 Qui
431 2580 519 2665 prius
533 2583 660 2656 fueraut
674 2582 782 2644 famuli
796 2582 939 2663 Domini,

359 2691 392 2751 et
404 2688 500 2751 modo
516 2688 707 2752 daemonum
720 2688 796 2751 iacti
810 2691 885 2751 sunt
898 2689 987 2752 socii.

358 2799 392 2858 ln
406 2794 498 2857 terris
511 2794 609 2874 igitur
622 2795 714 2875 pauci
728 2798 804 2857 sunt
817 2794 944 2858 ordines

358 2918 494 2982 quorum
507 2919 573 2963 non
588 2901 710 2981 aliquos
722 2902 915 2966 convincant
930 2902 1122 2965 daemones:

359 3007 536 3070 Vincuntur
550 3007 668 3071 etenim
680 3008 735 3089 qui
749 3009 791 3071 ad
804 3009 866 3072 hoc
880 3011 1043 3074 saeculum

360 3115 495 3178 redeunt
507 3116 605 3180 veluti
619 3133 715 3179 canes
729 3117 771 3179 ad
783 3117 950 3181 vomitum.

359 3224 495 3285 nouates
508 3241 603 3304 super
614 3223 663 3286 his
677 3241 733 3287 cor
746 3225 866 3292 habeut
878 3224 1027 3310 impium,
1101 3267 1103 3275 ,

358 3329 412 3410 qui
425 3329 534 3393 sinunt
547 3331 630 3393 filios
643 3331 729 3393 abire
742 3332 920 3411 perditum,

357 3435 415 3510 Qui
428 3453 592 3516 nunquam
606 3440 758 3500 revocant
768 3437 840 3500 illos
854 3438 1059 3517 amentibus,

356 3561 437 3623 quos
449 3543 515 3605 suis
529 3544 681 3606 deberent
692 3546 808 3608 referre
820 3544 978 3608 manibus.

357 3653 465 3731 ltaque
479 3649 651 3712 daemones
664 3653 772 3732 culpas
783 3651 1015 3733 multiplicant,

355 3756 410 3836 qui
424 3756 469 3819 sio
481 3757 521 3818 de
533 3756 605 3818 filiis
618 3757 659 3818 ad
671 3760 779 3820 Patres
793 3760 981 3838 convolant,

357 3866 393 3926 Ut
404 3866 511 3926 Patres
526 3865 693 3943 culpentur
708 3864 747 3926 de
761 3866 970 3956 negligentia,

354 3973 385 4031 ei
399 3969 485 4049 pravi
502 3970 555 4033 filii
571 3971 611 4032 de
624 3972 793 4052 apostasia.

355 4076 474 4138 Accidit
489 4077 599 4139 itidem
612 4078 651 4139 de
666 4079 889 4158 RegularibuS,
