2684 4970
688 451 856 512 ..345-

290 576 410 640 litibus
423 574 560 638 assiduis
574 575 733 640 disonrdia
747 573 992 655 multiplicatur,

291 684 368 747 dum
379 701 458 764 puer
471 701 489 745 a
502 699 603 764 puero
615 682 737 747 erudeli
748 685 853 748 morte
866 685 1011 746 necatur.

289 798 358 857 lton
368 792 462 855 latuit
473 809 525 855 rea
538 791 600 856 ista
613 791 669 857 diu
679 795 741 872 (1),
754 790 792 854 tit
801 788 990 868 manifesta3

289 902 463 980 miringat,
479 899 590 980 ragina
601 899 704 980 dolet,
717 899 755 964 ut
766 896 856 962 ouria
868 899 991 960 moesta
1004 921 1013 975 3

292 1005 431 1069 Vertitur
444 1004 478 1068 in
487 1005 612 1069 luctam
623 1006 740 1070 domus
751 1007 784 1070 et
797 1002 913 1068 vieiuia
927 1000 1029 1082 regis:

288 1111 324 1175 lit
337 1112 463 1175 eunetis
475 1129 610 1176 onerosa
623 1111 684 1192 piis
695 1109 906 1191 transgressio
919 1108 1010 1188 legis.

286 1223 374 1281 Tunc
386 1219 507 1282 adeunt
517 1235 643 1299 regem,
657 1218 709 1282 oui
723 1217 799 1282 talia
813 1219 909 1281 verba
916 1217 1092 1296 loquuntur
1104 1241 1112 1276 ι

288 1350 304 1386 «
327 1329 447 1408 lnnlyte
460 1343 535 1407 rex,
548 1327 655 1406 salve3
671 1325 727 1388 tibi
737 1323 844 1389 cuncti
858 1321 1114 1404 eompatiuutur3

286 1431 334 1494 Nil
345 1434 438 1511 juvat
451 1431 662 1512 exstinctum,
672 1431 699 1494 si
709 1429 852 1496 victurus
864 1427 1036 1510 moriatur,

287 1539 343 1602 sed
359 1542 468 1602 tamen
481 1538 565 1602 atnli
579 1541 665 1603 fanto
676 1539 769 1602 decet
781 1541 818 1600 ut
832 1539 1002 1604 caveaturz

285 1650 437 1708 Praesens
451 1662 590 1726 namque
599 1647 719 1708 malum
733 1644 848 1714 suadet
860 1646 994 1709 ventura
1009 1641 1112 1704 timeri

285 1754 317 1815 et
330 1755 441 1815 monet
454 1770 472 1814 a
486 1751 580 1816 simili
590 1753 705 1816 merito
720 1753 836 1817 debere
850 1752 966 1818 enveri.

283 1859 402 1922 Pilatus
413 1859 531 1922 meruit
543 1863 697 1942 mortem,
709 1859 766 1922 sed
777 1875 820 1922 ne
833 1858 1004 1938 moriatur,

285 1971 418 2030 Romam
432 1965 637 2030 transmissus
651 1967 757 2048 obses
777 1985 952 2047 numquam
967 1965 1153 2028 redimatur.
1170 1987 1185 2020 ν

284 2072 432 2136 Praebuit
442 2089 609 2134 assensum
620 2091 679 2136 rex
690 2077 741 2155 et,
755 2091 849 2156 prese
862 2074 1105 2153 auctmentum,

282 2177 368 2239 misit
381 2177 556 2241 inexilium
570 2178 706 2242 Pilatum
718 2197 809 2242 more
819 2194 959 2244 reorum.

281 2285 354 2367 Qui,
369 2284 501 2349 veniens
513 2289 658 2367 Romam,
672 2304 731 2366 pro
745 2290 887 2367 tempore
899 2303 1045 2367 quaeque
1057 2285 1191 2364 gerebat

284 2395 318 2453 et
328 2393 439 2472 procul
452 2409 471 2454 a
485 2392 587 2472 patria
599 2392 758 2456 contraria
772 2395 873 2456 multa
886 2393 1017 2454 ferebat.

281 2500 455 2578 Anglorum
469 2498 553 2579 regis
567 2503 674 2580 natus,
688 2502 775 2564 reeta
788 2499 980 2580 (allatione,

278 2605 373 2667 obses
387 2607 456 2666 erat
469 2609 589 2668 Romae
599 2621 657 2685 pro
672 2621 787 2668 census
799 2605 998 2686 redditione3

279 2710 334 2774 Cui
349 2729 384 2773 se
395 2716 440 2787 (3)
450 2711 581 2792 Pilatus,
597 2729 663 2775 non
676 2713 797 2792 absque
808 2713 895 2794 dolo,
908 2712 1042 2776 sooiavit

279 2818 312 2877 et
322 2817 365 2893 (l)
376 2833 522 2897 puerum,
538 2816 761 2880 sioutiratnem
773 2817 947 2899 proprium,
957 2816 1127 2898 jugulavit.

278 2925 347 2996 Quo
361 2923 446 2985 tacto
461 2922 545 2987 nives
556 2924 732 3004 perturbati
744 2925 933 3006 doluerunt,

278 3033 311 3092 et
323 3028 453 3109 quidam
462 3030 575 3111 punire
589 3034 680 3096 nefas
689 3034 816 3096 tantum
831 3033 1019 3096 voluerunt:

278 3137 446 3198 Decretum
458 3140 567 3200 tamen
580 3140 647 3218 est,
661 3141 778 3201 utnon
791 3136 1017 3216 interficiatur,

279 3257 319 3303 ne
331 3244 421 3321 pater
431 3242 514 3305 ilbus
525 3249 567 3322 (5)
578 3243 759 3308 contrarius
767 3244 923 3308 alliciatur

276 3346 429 3429 Imperio,
442 3365 638 3430 censumque
652 3349 722 3414 dari
736 3349 871 3437 solitum
877 3348 1077 3430 prohiberet,

274 3457 385 3533 utpote
399 3454 464 3537 vir,
479 3456 533 3536 qui
548 3456 688 3520 oonsiliis
701 3456 862 3537 ammsque
875 3458 1006 3522 valeret.

275 3561 380 3623 lnsula
396 3562 525 3642 grandis
536 3567 619 3644 erat,
629 3567 751 3627 Pontus
762 3565 930 3644 hueusque
944 3565 1081 3641 vocata,

277 3666 471 3750 incultisque
485 3668 560 3734 viris
571 3675 604 3733 et
618 3671 801 3736 inhumanis
817 3672 978 3753 habitata,

220 3935 250 3991 (1)
263 3933 314 3980 Dio
327 3949 340 3981 a
355 3936 391 3980 eto
400 3935 456 3980 omis
467 3936 524 3981 dans
534 3941 599 3980 notre
609 3948 653 3980 ms.
799 3939 828 3995 (5)
840 3937 932 3996 Cuique
943 3938 971 3984 do
980 3947 1044 3994 notre
1059 3952 1101 3986 ms.
1112 3946 1148 3985 est
1160 3955 1210 3988 une
1223 3944 1294 3990 laute
1305 3945 1339 3992 de

221 4005 250 4060 te
263 4005 295 4060 Α,
307 4005 325 4049 Β
335 4010 358 4050 at
371 4003 403 4060 Gt
416 4009 480 4051 certo
491 4017 519 4051 ou
527 4006 596 4062 josto
604 4005 660 4052 dans
672 4011 735 4052 notra
772 4001 885 4052 suarrtitt.

195 4075 238 4110 ¹²¹⁸·
798 4061 827 4116 tl)
841 4062 878 4116 Α,
892 4063 910 4106 B
921 4068 944 4107 et
956 4062 987 4120 Ως
1004 4076 1061 4110 nom
1069 4063 1130 4108 dans
1137 4069 1209 4108 notre
1221 4079 1275 4113 ms,

797 4123 824 4178 (ὃ)
840 4123 873 4176 ll,
889 4125 905 4168 Β
919 4128 942 4169 at
956 4123 990 4179 ὓς
1005 4124 1151 4182 ipsimdans
1164 4133 1238 4173 notre
1249 4142 1300 4176 ns.
