2676 4968
483 489 521 495 -
536 460 593 514 393
608 489 648 497 --

144 599 239 662 parce
252 581 295 657 (1)
307 584 413 645 tamen
426 581 574 646 dominae
585 581 721 656 sustinet
732 584 914 665 opprobria,

103 688 229 752 Scilicet
242 690 280 751 ut
292 690 391 768 longo
405 688 535 752 tandem
545 688 660 752 satiata
672 690 782 753 lurore

144 796 194 859 vel
207 793 253 858 sic
267 794 418 875 suscipiat
428 812 511 875 quae
522 795 655 858 rationis
672 799 776 858 erunt.

103 906 164 965 Res
177 900 223 964 ita
232 901 396 982 provenit,
414 901 562 966 dominae
577 901 735 965 deferbuit
746 903 794 964 ira

142 1007 230 1071 unde
243 1007 285 1069 sit
295 1007 329 1070 in
340 1009 537 1072 llachomem
544 1011 613 1088 jnm
625 1009 733 1072 minus
745 1009 812 1089 ipsa
825 1008 942 1089 gravis.

102 1118 252 1180 Laetatur
262 1117 461 1197 llachomes,
475 1117 610 1196 supplex
622 1117 746 1180 accedit
758 1117 800 1180 ad
813 1115 901 1179 illam

142 1225 240 1302 atque
250 1223 443 1286 salutantem
455 1222 561 1286 taliter
572 1223 745 1303 alloquitur
760 1251 768 1285 t

105 1353 120 1387 u
136 1329 167 1392 si
180 1346 308 1393 servum
321 1330 417 1393 velles
432 1328 544 1394 audire
557 1332 650 1393 tuum
664 1328 822 1410 patienter

142 1439 231 1508 (nam
244 1435 424 1498 llaehomes
438 1435 586 1500 dominae
599 1454 665 1498 non
680 1435 741 1499 nisi
756 1451 867 1499 servus
880 1433 953 1509 erit)
967 1481 975 1514 ,

103 1540 133 1604 Si
149 1543 262 1622 velles,
278 1541 409 1621 inquam
420 1543 481 1623 (2),
496 1541 573 1604 mihi
588 1543 734 1622 credere,
749 1541 895 1622 protinus
906 1538 1014 1603 omnis

107 1683 113 1691 -
142 1649 190 1712 ira
205 1649 358 1729 dolorque
370 1651 426 1710 tuo
441 1647 569 1710 cederet
583 1666 624 1712 ex
638 1648 758 1713 animo.
773 1671 788 1706 u

104 1779 119 1814 o
133 1755 206 1836 Dic,
221 1776 237 1809 u
253 1753 372 1836 iuquit,
393 1777 408 1812 o
422 1753 525 1834 patiar
539 1757 684 1837 tantum,
703 1755 730 1818 si
743 1756 839 1821 verba
853 1754 1015 1836 loquaris,

143 1861 170 1924 si
183 1878 235 1923 me
248 1878 315 1923 non
328 1862 463 1941 temptes
477 1862 587 1926 tallere
600 1881 691 1926 more
706 1866 773 1926 tuo.
791 1884 807 1919 »

102 1968 299 2050 Respondit:
317 1968 408 2032 «Nisi
422 1986 497 2032 vera
512 1970 636 2051 loquar,
652 1969 680 2033 si
693 1971 802 2034 fallere
817 1989 987 2054 quaeram,

142 2075 286 2156 linguam
300 2077 446 2140 fallacem
461 2079 593 2156 gutture
607 2079 686 2142 velle
698 2095 769 2141 suo.
783 2101 798 2136 r
820 2081 822 2088 ’

103 2181 304 2262 Propositum
317 2182 474 2261 praebens
487 2199 674 2265 assensum,
691 2183 867 2249 conditioni

143 2289 258 2352 annuit
271 2305 344 2368 ore,
360 2305 478 2369 manu,
493 2288 640 2368 protinus
651 2289 704 2352 ille
717 2292 817 2352 refert
830 2319 838 2353 :

105 2420 121 2454 (ι
137 2397 230 2471 Quod
241 2413 293 2460 me
306 2394 438 2475 sperasti
453 2411 555 2476 nuper
568 2397 728 2458 tormenta
740 2395 873 2475 tulisse,

143 2503 232 2565 nulla
246 2501 307 2565 luit
316 2501 419 2564 morbi
431 2501 554 2583 passio,
569 2501 754 2566 credamini
770 2531 779 2582 t

104 2613 148 2672 De
161 2610 252 2672 coelo
263 2608 366 2673 virtus
379 2608 414 2671 in
428 2625 480 2671 me
493 2606 675 2690 descendit,
690 2611 723 2671 et
737 2607 824 2671 illam
843 2681 848 2692 ὁ

146 2715 336 2777 immensam
350 2714 471 2796 fragilis
484 2715 567 2778 terre
579 2712 724 2793 nequivit
734 2713 852 2778 homo:

104 2823 274 2901 Propterea
288 2821 388 2884 cecidi
402 2838 554 2902 spumans
568 2823 600 2882 et
612 2821 755 2884 membra
769 2821 940 2901 volutam,

147 2944 214 2990 non
228 2927 303 3008 quia
316 2927 423 3009 passio
437 2945 489 2990 me
502 2926 630 2990 laeserit
643 2928 707 2990 ulla
720 2927 806 2990 mali.

104 3032 167 3096 Sed
180 3051 268 3096 nunc
281 3033 441 3096 mandatis
454 3032 572 3112 praebe
585 3030 777 3094 coelestibus
789 3050 918 3114 aurem,

145 3138 318 3219 quaemihi
333 3139 373 3200 de
385 3139 476 3202 coelo
489 3136 623 3201 nuntius
637 3137 800 3216 explicuit.

104 3245 194 3310 Sicut
206 3247 292 3311 euim
304 3246 429 3310 Gabriel
442 3245 654 3324 archangelus
667 3243 721 3308 ille
735 3243 850 3308 llariae

146 3354 304 3419 adventus
315 3353 429 3418 Christi
443 3351 576 3416 nuntius
590 3354 666 3414 ante
680 3350 760 3438 fuit,

104 3459 156 3523 Sic
170 3463 306 3524 ventura
319 3465 402 3524 Deus
415 3463 537 3524 reserat
549 3458 627 3521 mihi
638 3475 727 3521 nuno
741 3475 796 3537 per
810 3458 978 3541 eumdem,

146 3569 179 3627 et
192 3565 310 3647 pietate
323 3567 428 3647 prius,
443 3569 476 3628 et
488 3565 606 3646 pietate
620 3565 729 3628 modo.

104 3672 264 3735 Naturalis
278 3673 363 3737 enim
377 3674 495 3754 primos
508 3669 720 3754 transgressio
731 3669 812 3750 legis

149 3780 260 3844 iniecit
272 3785 379 3862 patres
393 3785 426 3845 et
439 3800 541 3862 genus
557 3800 653 3846 omne
667 3801 781 3866 soum,

105 3892 238 3971 Postea,
254 3889 371 3970 scripta
384 3890 439 3954 Dei
454 3890 575 3974 digito,
589 3891 688 3974 Mopsi
700 3892 775 3955 data
788 3893 841 3955 lex
852 3894 911 3973 est,

26 4138 60 4192 (t)
78 4135 143 4181 Pocc
159 4137 215 4181 dans
227 4137 255 4181 Α.
624 4141 650 4193 (e)
666 4138 749 4195 lnquit
761 4138 818 4182 daus
830 4136 856 4180 Β.
