2698 4970
475 469 619 523 ...51..„

110 587 230 652 Revisit
241 590 440 664 tlhlalamum
452 592 559 670 sponsi
571 596 765 681 praesentia,

110 700 164 782 qui
175 718 270 782 super
284 701 447 765 cherubim
457 703 537 765 mira
550 708 691 785 potentia
793 785 797 790 ¹

109 816 243 895 volavit,
257 814 445 894 praevidens
459 820 574 881 cuncta
587 821 727 883 latentia.

252 935 323 1015 Eia,
339 936 405 1016 eia,
422 937 491 999 cia!

270 1058 348 1120 grex
360 1041 393 1103 in
404 1043 530 1122 pascuis

232 1143 352 1205 alludat
364 1144 530 1208 uberrimis

231 1251 263 1309 et
276 1252 449 1328 sequantur
463 1251 590 1330 agmina

233 1368 352 1429 agnmn
363 1350 446 1413 inter
459 1352 539 1435 lilia3

212 1457 266 1537 qui
279 1460 381 1522 faetus
392 1463 441 1521 est
454 1459 567 1540 opilia,

212 1567 373 1646 assumpto
387 1563 491 1626 carnis
501 1564 611 1645 pallio,

215 1668 247 1727 et
259 1683 316 1746 per
327 1666 429 1730 crucis
442 1667 646 1749 mysterium,

216 1767 298 1852 elisit
311 1768 418 1830 fauces
430 1767 640 1850 daemonum,

215 1871 297 1933 elisit
310 1872 418 1934 fauces
433 1872 639 1954 daemonum,

215 1977 319 2040 ferens
332 1977 395 2039 reis
407 1977 601 2041 remedium!

116 2163 228 2226 Electri
242 2166 362 2243 speeies
375 2167 504 2229 tandem
517 2167 646 2230 emicuit
657 2172 702 2244 (l)

118 2279 149 2337 et
162 2293 251 2337 mare
263 2276 398 2370 vitreum
411 2277 450 2338 de
463 2277 538 2341 Sion
551 2276 629 2342 exiit
640 2303 649 2358 3

118 2387 232 2468 anguis
246 2388 425 2452 teterrimus
436 2407 600 2470 nunquam
613 2388 731 2452 interiit

257 2510 328 2591 Eia,
341 2511 409 2593 eia,
425 2511 492 2574 eia!

278 2633 357 2694 grex
370 2615 403 2677 in
417 2616 542 2695 pascuis

236 2720 358 2782 alludat
371 2722 537 2784 uberrimis

237 2825 270 2884 et
283 2829 457 2904 sequantur
467 2827 594 2906 agmina

239 2951 359 3014 agnum
369 2935 452 2998 inter
464 2935 544 3016 lilia3

220 3038 275 3119 qui
289 3040 392 3102 factus
406 3043 454 3101 est
464 3040 576 3120 opilio,

219 3146 380 3222 assumpto
394 3143 499 3205 carnis
511 3143 621 3223 pallio,

218 3247 252 3306 et
261 3261 317 3324 per
327 3244 430 3307 crucis
442 3242 642 3326 mysterium,

219 3348 302 3412 elisit
313 3350 422 3412 lances
434 3349 643 3428 daemonum,

220 3453 301 3518 elisit
314 3456 422 3518 fauces
434 3454 643 3534 daemonum,

221 3571 325 3634 serens
338 3571 400 3634 reis
414 3571 604 3636 remedium!

31 3806 59 3862 ll)
83 3792 195 3849 Ezechiel
208 3801 240 3846 dit
256 3813 284 3846 en
300 3807 419 3847 recantant
432 3803 452 3846 la
467 3803 538 3847 visiun
574 3803 638 3847 chart
650 3813 663 3845 a
675 3801 781 3857 pretendu
795 3813 839 3857 que
857 3799 990 3844 i’lilcciram
1009 3801 1064 3845 etait
1078 3802 1108 3845 du

14 3868 41 3913 iil
56 3872 101 3912 eut
118 3867 147 3910 cc
159 3865 233 3908 Dieuc
247 3863 276 3908 Et
289 3875 343 3909 ecce
354 3870 434 3908 ventus
445 3863 540 3908 turbinis
573 3861 696 3920 claycoccl
710 3863 889 3918 (aurichalcum);
910 3862 944 3906 Dc
966 3861 1113 3908 animalibus

14 3931 100 3974 aiebat
114 3927 146 3972 ab
158 3926 276 3982 aquilone,
290 3931 313 3970 et
325 3926 395 3970 nubes
409 3938 501 3982 magna,
518 3931 540 3970 et
574 3924 724 3981 scripturae,
741 3925 767 3968 Ρ,
782 3925 812 3978 ll,
824 3924 835 3967 l.
847 3935 882 3978 m,
897 3923 938 3967 col.
949 3928 995 3968 871.
1008 3924 1108 3980 Quanta

14 3993 45 4038 nis
52 3991 189 4042 involvens,
201 3993 223 4032 et
236 3987 337 4045 splendor
345 3988 368 4032 in
378 3987 474 4032 circuitu
483 3988 540 4043 eJus,
575 3986 596 4030 la
610 3999 658 4030 mer
670 3985 696 4030 de
708 3997 784 4038 verre,
799 3984 838 4030 elle
852 3997 952 4030 annonce
970 3985 990 4030 la
1005 3987 1110 4042 presence

18 4055 48 4099 de
64 4051 150 4098 medio
166 4051 214 4105 ejus
226 4049 290 4107 quasi
309 4049 394 4106 species
408 4048 496 4104 electri,
517 4048 539 4092 itl
574 4048 601 4092 (lc
612 4049 668 4092 Dian
685 4047 740 4091 dans
753 4045 916 4102 impacatum,
926 4047 960 4091 ch.
971 4059 1002 4102 rr,
1013 4060 1036 4092 v.
1047 4053 1068 4092 6.
1080 4048 1110 4093 lit

14 4117 65 4160 lde
82 4112 167 4158 medio
179 4111 250 4167 ignis3
266 4111 302 4155 cb.
315 4123 338 4165 1,
351 4123 373 4155 v.
386 4116 407 4155 ι
421 4111 483 4155 Dans
497 4121 541 4154 une
575 4110 597 4153 in
611 4115 730 4164 conspectu
749 4109 806 4152 sedis
820 4113 925 4164 unquam
939 4119 1000 4154 mare
1013 4110 1108 4154 vitreum

14 4177 143 4224 sertation
167 4173 283 4229 beaucoup
305 4178 354 4228 trop
373 4177 476 4227 cavante,
497 4173 541 4216 Βο-
576 4169 646 4215 simila
659 4169 768 4225 crystalla.

54 4309 67 4344 b
