2684 4970
683 445 724 460 ·-·
740 421 847 478 322-

252 541 305 606 liis
319 539 457 605 nummis
470 543 548 606 tuuc
560 539 637 604 emit
649 557 744 620 agros
758 559 776 602 a
788 539 1012 604 iherichonitis
1024 545 1084 619 (t),

251 648 301 712 his
310 647 406 712 etiam
418 647 532 727 Josoph
542 649 592 710 est
604 649 729 726 emptus
741 647 782 708 ab
796 645 984 712 ismahelitis
996 651 1053 726 (2),

293 755 351 816 hos
365 752 467 819 tenuit
479 754 600 816 Pharao
615 751 748 818 diresin
762 769 836 816 aere
849 769 908 816 suo
922 751 977 826 (3).

252 887 392 964 Homue,
406 883 517 965 sibylla
530 887 661 965 potens,
675 884 787 946 habuit
799 884 910 964 regina
924 883 1070 965 NicauIa,

254 988 358 1052 Austri
373 989 501 1070 regina,
516 988 570 1069 qui
581 993 654 1069 post
668 989 844 1052 Salomonis
858 992 898 1052 ab
911 993 954 1069 (t)
967 992 1057 1070 auia,

290 1096 322 1158 in
337 1097 489 1176 templum
500 1113 648 1160 nummos
662 1095 718 1158 dat
731 1098 912 1160 reverenter
923 1114 980 1160 eos
991 1101 1045 1172 (5).

255 1231 340 1302 Quos
354 1225 658 1307 Nabuchodonosor,
674 1227 791 1308 templo
805 1227 893 1308 prius
909 1227 1101 1310 exspoliato,

254 1333 366 1396 detulit
378 1334 410 1396 in
423 1335 576 1416 Babylon,
590 1331 657 1414 ubi,
671 1333 780 1396 militis
793 1334 826 1396 in
840 1329 1010 1398 solidatum
1020 1337 1054 1411 (l.
1070 1335 1234 1420 solidato),

292 1443 420 1522 regibus
433 1441 466 1544 ip
478 1443 558 1504 Saba
571 1441 705 1506 dicimus
719 1458 788 1506 esse
803 1441 905 1506 datos.

252 1581 315 1639 Hos
328 1595 420 1658 reges
433 1579 532 1659 Saba,
547 1593 628 1657 quos
642 1579 714 1656 post
725 1591 809 1639 nova
824 1575 914 1638 stella
928 1577 1071 1658 vocavit,

257 1689 339 1750 serre
354 1688 418 1747 Deo
431 1699 579 1747 nummos
591 1685 740 1745 Veterum
752 1681 908 1762 scriptura
921 1684 1060 1764 notavit,

295 1808 368 1854 cum
382 1788 442 1852 tria
455 1792 520 1852 tres
533 1788 610 1852 socii
623 1788 708 1852 dona
722 1789 823 1864 tulero
835 1789 931 1870 mugi.

253 1923 411 2004 angelicis
422 1921 553 1986 monitis
566 1920 616 1984 his
629 1921 758 2000 regibus
769 1922 844 1987 inde
854 1925 1026 2006 regressis,

252 2028 389 2091 mittitur
399 2045 416 2090 e
428 2026 525 2091 coelis
535 2043 637 2107 puero
646 2025 831 2106 dignissima
843 2027 941 2094 vestis
952 2057 961 2110 3

289 2135 370 2198 iraec
384 2131 600 2213 inconsutilis,
620 2131 702 2197 mira
712 2134 819 2199 colore
833 2133 904 2198 tuit.

251 2274 338 2333 Hanc
350 2273 471 2348 patera
484 2266 581 2330 coelis
593 2265 697 2348 misit,
712 2283 778 2329 non
789 2267 906 2330 femina
920 2268 1022 2350 nevit,

251 2379 348 2456 longa
361 2375 398 2439 iit
412 2379 508 2455 atque
521 2373 643 2455 brevis,
658 2390 758 2454 puero
772 2377 936 2438 crescente
948 2377 1101 2459 recrevit,

264 2477 266 2484 ’
290 2481 441 2563 temporis
454 2479 586 2560 aequcvi
600 2479 736 2542 stamine
749 2483 839 2544 texta
853 2482 924 2546 levi.

251 2619 332 2680 Dum
342 2615 434 2696 jubet
443 2613 581 2679 Herodes
592 2630 727 2692 puerum
739 2631 798 2693 pro
812 2617 915 2676 morte
925 2615 1063 2696 requiri,

250 2725 353 2786 mater
366 2739 440 2784 eum
452 2719 558 2784 timuit
572 2719 698 2799 fugiens
711 2719 753 2784 ad
766 2720 892 2785 climata
905 2721 982 2803 Nili,

291 2829 387 2892 ducta
401 2830 489 2890 metu
502 2824 632 2906 mortis,
647 2824 739 2905 virgo
752 2827 872 2918 latebat
887 2826 941 2894 ibi.

252 2967 339 3024 Tunc
348 2961 382 3023 in
395 2977 433 3024 ea
445 2962 556 3042 crypta
568 2958 628 3022 tria
640 2962 719 3022 sunt
730 2959 811 3024 haec
826 2961 910 3026 dona
924 2962 1050 3045 relicta,

249 3086 385 3150 aurum,
401 3069 493 3148 tirus,
508 3067 656 3150 myrrha,
671 3065 831 3148 vestisque
844 3067 898 3131 Dei
909 3069 1093 3151 benedicta,

290 3178 434 3256 pastores
444 3175 597 3256 veniunt,
612 3174 742 3254 ipsaque
754 3175 839 3238 dona
853 3177 998 3253 vehunt(
1022 3182 1043 3256 ).

237 3434 296 3488 (tin
311 3434 361 3477 ctB
375 3432 475 3476 ecrivcnt
491 3428 702 3480 (testemonium
717 3428 752 3474 te-
789 3428 871 3474 aohota
889 3429 928 3473 rios
944 3428 1045 3485 partums
1063 3439 1121 3484 pour
1144 3430 1276 3476 embaumcr
1292 3441 1328 3474 sou

213 3495 283 3552 gendo
302 3492 424 3538 allemands
446 3491 490 3535 suit
512 3490 562 3547 pius
583 3487 709 3533 inclemens
731 3489 752 3534 tc
788 3489 849 3545 pere.

212 3549 752 3678 astrosus,rsvcmmn⁶
814 3586 843 3642 a
857 3583 892 3628 a
1107 3584 1238 3630 uuo

815 3677 1313 3734 (5)iivadonsBatapiaocdeoerers:

847 3769 915 3802 obtulit
923 3769 943 3800 in
952 3771 1020 3810 tempto
1029 3769 1078 3802 doras
1086 3770 1160 3804 mistico
1169 3772 1208 3804 Deo
1216 3796 1222 3813 ‚

788 3841 842 3899 qu’ii
853 3843 901 3888 taut
915 3844 955 3888 tiro
968 3855 996 3894 en
1010 3848 1153 3900 transmeant
1170 3845 1231 3890 deux
1241 3849 1315 3890 mots:

239 3915 269 3971 te)
287 3915 318 3958 lu
336 3911 426 3966 ruente
447 3906 570 3954 allemands
591 3901 708 3959 t'oxpiiquo
724 3914 752 3972 en
846 3935 945 3969 omum
955 3935 1035 3978 mh,
1049 3936 1243 3977 mmmm

214 3977 343 4029 discatque
356 3973 387 4016 les
400 3971 471 4015 freres
481 3969 509 4012 do
521 3967 603 4021 Jossptr
617 3965 663 4008 s'en
674 3975 751 4008 servr-

215 4045 265 4085 rsnt
279 4051 334 4094 pour
344 4035 444 4092 paveris
457 4033 492 4077 bic
505 4032 570 4088 qu'its
581 4030 674 4074 atterent
687 4027 754 4072 cher·
816 4023 844 4078 (6)
866 4023 897 4068 La
920 4021 1011 4078 legende
1032 4019 1155 4065 allemanie
1178 4019 1211 4064 dit
1241 4032 1286 4076 que
1310 4020 1328 4064 ia

216 4105 269 4150 cher
285 4114 313 4146 en
327 4090 426 4156 ugrum,
442 4103 464 4140 ct
481 4098 556 4150 ajoutc
573 4103 618 4147 que
631 4089 714 4145 tosepu
726 4100 754 4132 ca
790 4085 871 4140 vierge
883 4083 914 4128 les
926 4083 997 4140 perdit
1010 4082 1066 4126 dans
1079 4095 1105 4128 sa
1122 4081 1176 4126 inite
1186 4094 1217 4126 en
1230 4071 1324 4138 Egypte.

219 3741 269 3850 λίῗ)
283 3741 352 3786 Notre
363 3749 406 3784 ms.
418 3741 441 3782 et
454 3735 472 3779 B
486 3739 525 3779 ont
538 3745 578 3790 par
593 3744 670 3778 erreur
683 3730 752 3775 lsra-

236 3815 248 3848 ο
258 3801 311 3845 itia.
