<?xml version="1.0" encoding="UTF-8"?>
<!DOCTYPE html PUBLIC "-//W3C//DTD XHTML 1.0 Transitional//EN"
    "http://www.w3.org/TR/xhtml1/DTD/xhtml1-transitional.dtd">
<html xmlns="http://www.w3.org/1999/xhtml" xml:lang="en" lang="en">
 <head>
  <title>
</title>
<meta http-equiv="Content-Type" content="text/html;charset=utf-8" />
  <meta name='ocr-system' content='tesseract 3.04.00' />
  <meta name='ocr-capabilities' content='ocr_page ocr_carea ocr_par ocr_line ocrx_word'/>
</head>
<body>
  <div class='ocr_page' id='page_1' title='image "./posiespopulaire03mrgoog/posiespopulaire03mrgoog_0115.png"; bbox 0 0 2652 4968; ppageno 0'>
   <div class='ocr_carea' id='block_1_1' title="bbox 435 388 602 442">
    <p class='ocr_par' dir='ltr' id='par_1_1' title="bbox 435 388 602 442">
     <span class='ocr_line' id='line_1_1' title="bbox 435 388 602 442; baseline -0.006 0"><span class='ocrx_word' id='word_1_1' title='bbox 435 388 602 442; x_wconf 48' lang='lat'>⁴105-</span> 
     </span>
    </p>
   </div>
   <div class='ocr_carea' id='block_1_2' title="bbox 37 507 844 697">
    <p class='ocr_par' dir='ltr' id='par_1_2' title="bbox 37 507 844 697">
     <span class='ocr_line' id='line_1_2' title="bbox 38 507 844 594; baseline 0.015 -30"><span class='ocrx_word' id='word_1_2' title='bbox 38 509 63 565; x_wconf 86' lang='lat' dir='ltr'><strong>at</strong></span> <span class='ocrx_word' id='word_1_3' title='bbox 74 507 251 586; x_wconf 88' lang='lat' dir='ltr'><strong>promissas</strong></span> <span class='ocrx_word' id='word_1_4' title='bbox 267 510 360 574; x_wconf 90' lang='lat' dir='ltr'><strong>nobis</strong></span> <span class='ocrx_word' id='word_1_5' title='bbox 373 529 493 590; x_wconf 89' lang='lat' dir='ltr'><strong>poenas</strong></span> <span class='ocrx_word' id='word_1_6' title='bbox 506 513 539 575; x_wconf 94' lang='lat' dir='ltr'><strong>in</strong></span> <span class='ocrx_word' id='word_1_7' title='bbox 552 513 711 592; x_wconf 77' lang='lat' dir='ltr'><strong>praesenti</strong></span> <span class='ocrx_word' id='word_1_8' title='bbox 726 513 844 594; x_wconf 83' lang='lat' dir='ltr'><strong>fugite,</strong></span> 
     </span>
     <span class='ocr_line' id='line_1_3' title="bbox 37 609 675 697; baseline 0.014 -28"><span class='ocrx_word' id='word_1_9' title='bbox 37 609 63 670; x_wconf 94' lang='lat' dir='ltr'><strong>in</strong></span> <span class='ocrx_word' id='word_1_10' title='bbox 76 613 186 676; x_wconf 83' lang='lat' dir='ltr'><strong>tuturo</strong></span> <span class='ocrx_word' id='word_1_11' title='bbox 202 614 230 676; x_wconf 89' lang='lat' dir='ltr'><strong>si</strong></span> <span class='ocrx_word' id='word_1_12' title='bbox 245 614 350 678; x_wconf 90' lang='lat' dir='ltr'><strong>velitis</strong></span> <span class='ocrx_word' id='word_1_13' title='bbox 364 635 404 678; x_wconf 91' lang='lat' dir='ltr'><strong>ne</strong></span> <span class='ocrx_word' id='word_1_14' title='bbox 418 617 460 680; x_wconf 88' lang='lat' dir='ltr'><strong>sit</strong></span> <span class='ocrx_word' id='word_1_15' title='bbox 473 616 675 697; x_wconf 89' lang='lat' dir='ltr'><strong>impossibile.</strong></span> 
     </span>
    </p>
   </div>
   <div class='ocr_carea' id='block_1_3' title="bbox 38 744 854 1036">
    <p class='ocr_par' dir='ltr' id='par_1_3' title="bbox 38 744 854 1036">
     <span class='ocr_line' id='line_1_4' title="bbox 38 744 835 843; baseline 0.009 -40"><span class='ocrx_word' id='word_1_16' title='bbox 38 744 109 805; x_wconf 74' lang='lat' dir='ltr'><strong>lulli</strong></span> <span class='ocrx_word' id='word_1_17' title='bbox 123 749 272 810; x_wconf 90' lang='lat' dir='ltr'><strong>vestrum</strong></span> <span class='ocrx_word' id='word_1_18' title='bbox 286 747 470 823; x_wconf 75' lang='lat' dir='ltr'><strong>[lilonerosa</strong></span> <span class='ocrx_word' id='word_1_19' title='bbox 484 746 526 810; x_wconf 90' lang='lat' dir='ltr'><strong>sit</strong></span> <span class='ocrx_word' id='word_1_20' title='bbox 539 749 619 810; x_wconf 89' lang='lat' dir='ltr'><strong>haee</strong></span> <span class='ocrx_word' id='word_1_21' title='bbox 633 747 835 843; x_wconf 80' lang='lat' dir='ltr'><strong>exhortatio,</strong></span> 
     </span>
     <span class='ocr_line' id='line_1_5' title="bbox 38 845 854 931; baseline 0.005 -20"><span class='ocrx_word' id='word_1_22' title='bbox 38 853 130 911; x_wconf 80' lang='lat' dir='ltr'><strong>ceum</strong></span> <span class='ocrx_word' id='word_1_23' title='bbox 143 853 262 931; x_wconf 82' lang='lat' dir='ltr'><strong>testor,</strong></span> <span class='ocrx_word' id='word_1_24' title='bbox 275 869 371 931; x_wconf 88' lang='lat' dir='ltr'><strong>quem</strong></span> <span class='ocrx_word' id='word_1_25' title='bbox 384 845 450 916; x_wconf 90' lang='lat' dir='ltr'><strong>non</strong></span> <span class='ocrx_word' id='word_1_26' title='bbox 463 855 541 916; x_wconf 85' lang='lat' dir='ltr'><strong>latet</strong></span> <span class='ocrx_word' id='word_1_27' title='bbox 555 851 659 916; x_wconf 91' lang='lat' dir='ltr'><strong>omnis</strong></span> <span class='ocrx_word' id='word_1_28' title='bbox 672 853 854 931; x_wconf 74' lang='lat' dir='ltr'>meditatio,</span> 
     </span>
     <span class='ocr_line' id='line_1_6' title="bbox 39 955 767 1036; baseline 0.005 -20"><span class='ocrx_word' id='word_1_29' title='bbox 39 955 106 1034; x_wconf 88' lang='lat' dir='ltr'><strong>quia</strong></span> <span class='ocrx_word' id='word_1_30' title='bbox 119 955 202 1018; x_wconf 92' lang='lat' dir='ltr'><strong>mihi</strong></span> <span class='ocrx_word' id='word_1_31' title='bbox 216 956 306 1036; x_wconf 90' lang='lat' dir='ltr'><strong>quod</strong></span> <span class='ocrx_word' id='word_1_32' title='bbox 319 961 351 1020; x_wconf 89' lang='lat' dir='ltr'><strong>et</strong></span> <span class='ocrx_word' id='word_1_33' title='bbox 364 958 454 1020; x_wconf 85' lang='lat' dir='ltr'><strong>vohis</strong></span> <span class='ocrx_word' id='word_1_34' title='bbox 468 957 547 1021; x_wconf 93' lang='lat' dir='ltr'><strong>illud</strong></span> <span class='ocrx_word' id='word_1_35' title='bbox 560 957 644 1021; x_wconf 92' lang='lat' dir='ltr'><strong>idem</strong></span> <span class='ocrx_word' id='word_1_36' title='bbox 659 958 767 1022; x_wconf 91' lang='lat' dir='ltr'><strong>timeo.</strong></span> 
     </span>
    </p>
   </div>
   <div class='ocr_carea' id='block_1_4' title="bbox 39 1087 842 1380">
    <p class='ocr_par' dir='ltr' id='par_1_4' title="bbox 39 1087 842 1380">
     <span class='ocr_line' id='line_1_7' title="bbox 39 1087 817 1169; baseline 0 -19"><span class='ocrx_word' id='word_1_37' title='bbox 39 1087 124 1151; x_wconf 87' lang='lat' dir='ltr'><strong>Scitis</strong></span> <span class='ocrx_word' id='word_1_38' title='bbox 138 1087 246 1169; x_wconf 72' lang='lat' dir='ltr'><strong>enim,</strong></span> <span class='ocrx_word' id='word_1_39' title='bbox 262 1087 296 1151; x_wconf 96' lang='lat' dir='ltr'><strong>in</strong></span> <span class='ocrx_word' id='word_1_40' title='bbox 310 1088 469 1151; x_wconf 89' lang='lat' dir='ltr'><strong>infernum</strong></span> <span class='ocrx_word' id='word_1_41' title='bbox 484 1092 610 1152; x_wconf 91' lang='lat' dir='ltr'><strong>nonest</strong></span> <span class='ocrx_word' id='word_1_42' title='bbox 623 1088 817 1168; x_wconf 88' lang='lat' dir='ltr'><strong>consolatio,</strong></span> 
     </span>
     <span class='ocr_line' id='line_1_8' title="bbox 40 1193 840 1275; baseline 0.004 -22"><span class='ocrx_word' id='word_1_43' title='bbox 40 1195 133 1256; x_wconf 89' lang='lat' dir='ltr'><strong>irater</strong></span> <span class='ocrx_word' id='word_1_44' title='bbox 147 1193 242 1256; x_wconf 84' lang='lat' dir='ltr'><strong>tratri</strong></span> <span class='ocrx_word' id='word_1_45' title='bbox 256 1211 322 1257; x_wconf 92' lang='lat' dir='ltr'><strong>non</strong></span> <span class='ocrx_word' id='word_1_46' title='bbox 336 1197 517 1275; x_wconf 80' lang='lat' dir='ltr'>succurret,</span> <span class='ocrx_word' id='word_1_47' title='bbox 532 1211 636 1275; x_wconf 89' lang='lat' dir='ltr'><strong>neque</strong></span> <span class='ocrx_word' id='word_1_48' title='bbox 651 1196 741 1274; x_wconf 88' lang='lat' dir='ltr'><strong>pater</strong></span> <span class='ocrx_word' id='word_1_49' title='bbox 755 1193 840 1273; x_wconf 76' lang='lat' dir='ltr'><strong>filio,</strong></span> 
     </span>
     <span class='ocr_line' id='line_1_9' title="bbox 42 1297 842 1380; baseline 0.001 -22"><span class='ocrx_word' id='word_1_50' title='bbox 42 1315 110 1358; x_wconf 91' lang='lat' dir='ltr'><strong>nam</strong></span> <span class='ocrx_word' id='word_1_51' title='bbox 123 1298 179 1360; x_wconf 79' lang='lat' dir='ltr'><strong>liic</strong></span> <span class='ocrx_word' id='word_1_52' title='bbox 194 1315 297 1378; x_wconf 87' lang='lat' dir='ltr'><strong>aeque</strong></span> <span class='ocrx_word' id='word_1_53' title='bbox 310 1298 494 1380; x_wconf 80' lang='lat' dir='ltr'>punientur,</span> <span class='ocrx_word' id='word_1_54' title='bbox 510 1302 542 1361; x_wconf 92' lang='lat' dir='ltr'><strong>et</strong></span> <span class='ocrx_word' id='word_1_55' title='bbox 555 1299 674 1378; x_wconf 82' lang='lat' dir='ltr'><strong>absque</strong></span> <span class='ocrx_word' id='word_1_56' title='bbox 690 1297 842 1360; x_wconf 91' lang='lat' dir='ltr'><strong>remedio.</strong></span> 
     </span>
    </p>
   </div>
   <div class='ocr_carea' id='block_1_5' title="bbox 41 1423 992 1718">
    <p class='ocr_par' dir='ltr' id='par_1_5' title="bbox 41 1423 992 1718">
     <span class='ocr_line' id='line_1_10' title="bbox 41 1423 992 1506; baseline -0.003 -18"><span class='ocrx_word' id='word_1_57' title='bbox 41 1429 181 1500; x_wconf 82' lang='lat' dir='ltr'><strong>Quantus</strong></span> <span class='ocrx_word' id='word_1_58' title='bbox 199 1428 335 1506; x_wconf 84' lang='lat' dir='ltr'><strong>plangor</strong></span> <span class='ocrx_word' id='word_1_59' title='bbox 348 1426 412 1490; x_wconf 92' lang='lat' dir='ltr'><strong>illic</strong></span> <span class='ocrx_word' id='word_1_60' title='bbox 425 1427 526 1490; x_wconf 87' lang='lat' dir='ltr'><strong>inest!</strong></span> <span class='ocrx_word' id='word_1_61' title='bbox 542 1431 686 1502; x_wconf 86' lang='lat' dir='ltr'><strong>Quantus</strong></span> <span class='ocrx_word' id='word_1_62' title='bbox 699 1426 816 1489; x_wconf 89' lang='lat' dir='ltr'><strong>stridor</strong></span> <span class='ocrx_word' id='word_1_63' title='bbox 830 1423 992 1488; x_wconf 82' lang='lat' dir='ltr'><strong>dentium!</strong></span> 
     </span>
     <span class='ocr_line' id='line_1_11' title="bbox 42 1530 736 1612; baseline 0.003 -21"><span class='ocrx_word' id='word_1_64' title='bbox 42 1531 69 1592; x_wconf 92' lang='lat' dir='ltr'><strong>in</strong></span> <span class='ocrx_word' id='word_1_65' title='bbox 80 1549 144 1611; x_wconf 91' lang='lat' dir='ltr'><strong>quo</strong></span> <span class='ocrx_word' id='word_1_66' title='bbox 158 1531 224 1594; x_wconf 91' lang='lat' dir='ltr'><strong>loci</strong></span> <span class='ocrx_word' id='word_1_67' title='bbox 238 1530 364 1612; x_wconf 91' lang='lat' dir='ltr'><strong>pietatis</strong></span> <span class='ocrx_word' id='word_1_68' title='bbox 378 1533 501 1594; x_wconf 93' lang='lat' dir='ltr'><strong>nullum</strong></span> <span class='ocrx_word' id='word_1_69' title='bbox 514 1535 563 1594; x_wconf 91' lang='lat' dir='ltr'><strong>est</strong></span> <span class='ocrx_word' id='word_1_70' title='bbox 576 1531 736 1610; x_wconf 83' lang='lat' dir='ltr'><strong>retugium</strong></span> 
     </span>
     <span class='ocr_line' id='line_1_12' title="bbox 42 1635 955 1718; baseline -0.001 -21"><span class='ocrx_word' id='word_1_71' title='bbox 42 1654 95 1698; x_wconf 92' lang='lat' dir='ltr'><strong>nec</strong></span> <span class='ocrx_word' id='word_1_72' title='bbox 107 1636 148 1698; x_wconf 88' lang='lat' dir='ltr'><strong>ad</strong></span> <span class='ocrx_word' id='word_1_73' title='bbox 163 1639 307 1718; x_wconf 77' lang='lat' dir='ltr'><strong>tempuS,</strong></span> <span class='ocrx_word' id='word_1_74' title='bbox 322 1655 396 1700; x_wconf 87' lang='lat' dir='ltr'><strong>cum</strong></span> <span class='ocrx_word' id='word_1_75' title='bbox 410 1655 495 1700; x_wconf 90' lang='lat' dir='ltr'><strong>mors</strong></span> <span class='ocrx_word' id='word_1_76' title='bbox 507 1640 614 1700; x_wconf 84' lang='lat' dir='ltr'><strong>nranet</strong></span> <span class='ocrx_word' id='word_1_77' title='bbox 628 1636 692 1698; x_wconf 93' lang='lat' dir='ltr'><strong>illic</strong></span> <span class='ocrx_word' id='word_1_78' title='bbox 705 1635 738 1697; x_wconf 94' lang='lat' dir='ltr'><strong>in</strong></span> <span class='ocrx_word' id='word_1_79' title='bbox 752 1636 955 1715; x_wconf 65' lang='lat' dir='ltr'><strong>perpetuum,</strong></span> 
     </span>
    </p>
   </div>
   <div class='ocr_carea' id='block_1_6' title="bbox 43 1764 860 2056">
    <p class='ocr_par' dir='ltr' id='par_1_6' title="bbox 43 1764 860 2056">
     <span class='ocr_line' id='line_1_13' title="bbox 43 1764 711 1843; baseline 0.004 -20"><span class='ocrx_word' id='word_1_80' title='bbox 43 1764 134 1843; x_wconf 80' lang='lat' dir='ltr'>Igitur</span> <span class='ocrx_word' id='word_1_81' title='bbox 148 1765 193 1827; x_wconf 90' lang='lat' dir='ltr'><strong>sit</strong></span> <span class='ocrx_word' id='word_1_82' title='bbox 205 1764 297 1828; x_wconf 91' lang='lat' dir='ltr'><strong>vobis</strong></span> <span class='ocrx_word' id='word_1_83' title='bbox 311 1765 399 1828; x_wconf 92' lang='lat' dir='ltr'><strong>cordi</strong></span> <span class='ocrx_word' id='word_1_84' title='bbox 414 1768 544 1828; x_wconf 89' lang='lat' dir='ltr'><strong>aeterna</strong></span> <span class='ocrx_word' id='word_1_85' title='bbox 558 1765 711 1840; x_wconf 73' lang='lat' dir='ltr'><strong>felicitas,</strong></span> 
     </span>
     <span class='ocr_line' id='line_1_14' title="bbox 43 1865 821 1949; baseline 0.005 -23"><span class='ocrx_word' id='word_1_86' title='bbox 43 1865 71 1928; x_wconf 93' lang='lat' dir='ltr'><strong>in</strong></span> <span class='ocrx_word' id='word_1_87' title='bbox 83 1887 145 1947; x_wconf 88' lang='lat' dir='ltr'><strong>qua</strong></span> <span class='ocrx_word' id='word_1_88' title='bbox 160 1870 251 1931; x_wconf 91' lang='lat' dir='ltr'><strong>nulla</strong></span> <span class='ocrx_word' id='word_1_89' title='bbox 265 1870 475 1949; x_wconf 91' lang='lat' dir='ltr'><strong>superborum</strong></span> <span class='ocrx_word' id='word_1_90' title='bbox 489 1870 625 1933; x_wconf 83' lang='lat' dir='ltr'><strong>sentitur</strong></span> <span class='ocrx_word' id='word_1_91' title='bbox 639 1868 821 1948; x_wconf 74' lang='lat' dir='ltr'><strong>temeritas,</strong></span> 
     </span>
     <span class='ocr_line' id='line_1_15' title="bbox 44 1971 860 2056; baseline 0.002 -24"><span class='ocrx_word' id='word_1_92' title='bbox 44 1971 77 2032; x_wconf 89' lang='lat' dir='ltr'><strong>ab</strong></span> <span class='ocrx_word' id='word_1_93' title='bbox 90 1973 151 2034; x_wconf 89' lang='lat' dir='ltr'><strong>hac</strong></span> <span class='ocrx_word' id='word_1_94' title='bbox 165 1973 280 2051; x_wconf 93' lang='lat' dir='ltr'><strong>procul</strong></span> <span class='ocrx_word' id='word_1_95' title='bbox 294 1974 382 2034; x_wconf 88' lang='lat' dir='ltr'><strong>sraus</strong></span> <span class='ocrx_word' id='word_1_96' title='bbox 395 1976 428 2035; x_wconf 91' lang='lat' dir='ltr'><strong>et</strong></span> <span class='ocrx_word' id='word_1_97' title='bbox 438 1973 503 2056; x_wconf 88' lang='lat' dir='ltr'><strong>ira,</strong></span> <span class='ocrx_word' id='word_1_98' title='bbox 517 1975 629 2055; x_wconf 91' lang='lat' dir='ltr'><strong>procul</strong></span> <span class='ocrx_word' id='word_1_99' title='bbox 641 1977 673 2036; x_wconf 90' lang='lat' dir='ltr'><strong>et</strong></span> <span class='ocrx_word' id='word_1_100' title='bbox 686 1973 860 2036; x_wconf 87' lang='lat' dir='ltr'><strong>calamitas.</strong></span> 
     </span>
    </p>
   </div>
   <div class='ocr_carea' id='block_1_7' title="bbox 45 2100 867 2394">
    <p class='ocr_par' dir='ltr' id='par_1_7' title="bbox 45 2100 867 2394">
     <span class='ocr_line' id='line_1_16' title="bbox 45 2100 830 2184; baseline 0.004 -23"><span class='ocrx_word' id='word_1_101' title='bbox 45 2100 82 2161; x_wconf 89' lang='lat' dir='ltr'><strong>lbi</strong></span> <span class='ocrx_word' id='word_1_102' title='bbox 96 2102 186 2163; x_wconf 84' lang='lat' dir='ltr'><strong>iures</strong></span> <span class='ocrx_word' id='word_1_103' title='bbox 201 2119 267 2164; x_wconf 92' lang='lat' dir='ltr'><strong>non</strong></span> <span class='ocrx_word' id='word_1_104' title='bbox 282 2104 442 2184; x_wconf 82' lang='lat' dir='ltr'><strong>iurantur,</strong></span> <span class='ocrx_word' id='word_1_105' title='bbox 456 2121 516 2166; x_wconf 92' lang='lat' dir='ltr'><strong>nec</strong></span> <span class='ocrx_word' id='word_1_106' title='bbox 527 2107 670 2183; x_wconf 82' lang='lat' dir='ltr'><strong>raptores</strong></span> <span class='ocrx_word' id='word_1_107' title='bbox 684 2104 830 2184; x_wconf 79' lang='lat' dir='ltr'><strong>rapiunt3</strong></span> 
     </span>
     <span class='ocr_line' id='line_1_17' title="bbox 46 2207 867 2289; baseline 0.005 -24"><span class='ocrx_word' id='word_1_108' title='bbox 46 2207 237 2268; x_wconf 80' lang='lat' dir='ltr'><strong>fraudulenti</strong></span> <span class='ocrx_word' id='word_1_109' title='bbox 251 2210 493 2287; x_wconf 86' lang='lat' dir='ltr'><strong>sequestrantur</strong></span> <span class='ocrx_word' id='word_1_110' title='bbox 506 2209 603 2289; x_wconf 89' lang='lat' dir='ltr'><strong>etqui</strong></span> <span class='ocrx_word' id='word_1_111' title='bbox 617 2211 700 2270; x_wconf 90' lang='lat' dir='ltr'><strong>mala</strong></span> <span class='ocrx_word' id='word_1_112' title='bbox 716 2208 867 2288; x_wconf 70' lang='lat' dir='ltr'><strong>cupiunt,</strong></span> 
     </span>
     <span class='ocr_line' id='line_1_18' title="bbox 45 2306 810 2394; baseline 0.004 -24"><span class='ocrx_word' id='word_1_113' title='bbox 45 2310 73 2370; x_wconf 88' lang='lat' dir='ltr'><strong>hi</strong></span> <span class='ocrx_word' id='word_1_114' title='bbox 86 2311 140 2390; x_wconf 91' lang='lat' dir='ltr'><strong>qui</strong></span> <span class='ocrx_word' id='word_1_115' title='bbox 153 2313 242 2374; x_wconf 91' lang='lat' dir='ltr'><strong>bona</strong></span> <span class='ocrx_word' id='word_1_116' title='bbox 257 2316 441 2394; x_wconf 86' lang='lat' dir='ltr'><strong>operantur,</strong></span> <span class='ocrx_word' id='word_1_117' title='bbox 455 2313 595 2394; x_wconf 89' lang='lat' dir='ltr'><strong>praemia</strong></span> <span class='ocrx_word' id='word_1_118' title='bbox 609 2312 776 2393; x_wconf 91' lang='lat' dir='ltr'><strong>recipiunt.</strong></span> <span class='ocrx_word' id='word_1_119' title='bbox 807 2306 810 2312; x_wconf 78' lang='grc'><strong>’</strong></span> 
     </span>
    </p>
   </div>
   <div class='ocr_carea' id='block_1_8' title="bbox 46 2438 833 2728">
    <p class='ocr_par' dir='ltr' id='par_1_8' title="bbox 46 2438 833 2728">
     <span class='ocr_line' id='line_1_19' title="bbox 46 2438 824 2518; baseline 0.003 -21"><span class='ocrx_word' id='word_1_120' title='bbox 46 2441 76 2500; x_wconf 95' lang='lat' dir='ltr'><strong>ln</strong></span> <span class='ocrx_word' id='word_1_121' title='bbox 89 2440 150 2502; x_wconf 90' lang='lat' dir='ltr'><strong>hac</strong></span> <span class='ocrx_word' id='word_1_122' title='bbox 161 2439 259 2518; x_wconf 89' lang='lat' dir='ltr'><strong>justis</strong></span> <span class='ocrx_word' id='word_1_123' title='bbox 270 2444 320 2501; x_wconf 92' lang='lat' dir='ltr'><strong>est</strong></span> <span class='ocrx_word' id='word_1_124' title='bbox 332 2458 405 2502; x_wconf 91' lang='lat' dir='ltr'><strong>oum</strong></span> <span class='ocrx_word' id='word_1_125' title='bbox 419 2444 484 2503; x_wconf 85' lang='lat' dir='ltr'><strong>Deo</strong></span> <span class='ocrx_word' id='word_1_126' title='bbox 498 2439 675 2503; x_wconf 88' lang='lat' dir='ltr'><strong>communis</strong></span> <span class='ocrx_word' id='word_1_127' title='bbox 686 2438 824 2518; x_wconf 91' lang='lat' dir='ltr'><strong>laetitia,</strong></span> 
     </span>
     <span class='ocr_line' id='line_1_20' title="bbox 46 2541 815 2625; baseline -0.001 -21"><span class='ocrx_word' id='word_1_128' title='bbox 46 2561 103 2620; x_wconf 86' lang='lat' dir='ltr'><strong>pax</strong></span> <span class='ocrx_word' id='word_1_129' title='bbox 117 2547 150 2605; x_wconf 90' lang='lat' dir='ltr'><strong>et</strong></span> <span class='ocrx_word' id='word_1_130' title='bbox 164 2545 268 2625; x_wconf 88' lang='lat' dir='ltr'><strong>salus,</strong></span> <span class='ocrx_word' id='word_1_131' title='bbox 281 2544 346 2606; x_wconf 89' lang='lat' dir='ltr'><strong>vita</strong></span> <span class='ocrx_word' id='word_1_132' title='bbox 360 2562 472 2625; x_wconf 91' lang='lat' dir='ltr'><strong>perpes</strong></span> <span class='ocrx_word' id='word_1_133' title='bbox 486 2548 519 2606; x_wconf 92' lang='lat' dir='ltr'><strong>et</strong></span> <span class='ocrx_word' id='word_1_134' title='bbox 532 2544 679 2625; x_wconf 91' lang='lat' dir='ltr'><strong>perennis</strong></span> <span class='ocrx_word' id='word_1_135' title='bbox 694 2541 815 2624; x_wconf 63' lang='lat' dir='ltr'><strong>gloria,</strong></span> 
     </span>
     <span class='ocr_line' id='line_1_21' title="bbox 47 2645 833 2728; baseline 0.003 -23"><span class='ocrx_word' id='word_1_136' title='bbox 47 2662 136 2709; x_wconf 90' lang='lat' dir='ltr'><strong>nemo</strong></span> <span class='ocrx_word' id='word_1_137' title='bbox 150 2665 274 2726; x_wconf 90' lang='lat' dir='ltr'><strong>pauper</strong></span> <span class='ocrx_word' id='word_1_138' title='bbox 287 2647 339 2710; x_wconf 79' lang='lat' dir='ltr'><strong>liic</strong></span> <span class='ocrx_word' id='word_1_139' title='bbox 353 2649 490 2711; x_wconf 86' lang='lat' dir='ltr'><strong>habetur</strong></span> <span class='ocrx_word' id='word_1_140' title='bbox 504 2667 563 2712; x_wconf 94' lang='lat' dir='ltr'><strong>nec</strong></span> <span class='ocrx_word' id='word_1_141' title='bbox 575 2666 674 2728; x_wconf 85' lang='lat' dir='ltr'><strong>egens</strong></span> <span class='ocrx_word' id='word_1_142' title='bbox 688 2645 833 2728; x_wconf 91' lang='lat' dir='ltr'><strong>pecunia.</strong></span> 
     </span>
    </p>
   </div>
   <div class='ocr_carea' id='block_1_9' title="bbox 46 2774 1008 3067">
    <p class='ocr_par' dir='ltr' id='par_1_9' title="bbox 46 2774 1008 3067">
     <span class='ocr_line' id='line_1_22' title="bbox 46 2774 1008 2858; baseline 0.003 -25"><span class='ocrx_word' id='word_1_143' title='bbox 46 2774 86 2834; x_wconf 79' lang='lat' dir='ltr'><strong>dd</strong></span> <span class='ocrx_word' id='word_1_144' title='bbox 99 2775 203 2856; x_wconf 90' lang='lat' dir='ltr'><strong>hanc,</strong></span> <span class='ocrx_word' id='word_1_145' title='bbox 218 2779 359 2858; x_wconf 87' lang='lat' dir='ltr'><strong>Fratres,</strong></span> <span class='ocrx_word' id='word_1_146' title='bbox 374 2793 580 2856; x_wconf 90' lang='lat' dir='ltr'><strong>properemus</strong></span> <span class='ocrx_word' id='word_1_147' title='bbox 594 2776 651 2838; x_wconf 89' lang='lat' dir='ltr'><strong>sed</strong></span> <span class='ocrx_word' id='word_1_148' title='bbox 665 2775 820 2840; x_wconf 89' lang='lat' dir='ltr'><strong>virtutum</strong></span> <span class='ocrx_word' id='word_1_149' title='bbox 835 2775 1008 2856; x_wconf 69' lang='lat' dir='ltr'><strong>gradibus5</strong></span> 
     </span>
     <span class='ocr_line' id='line_1_23' title="bbox 47 2880 854 2964; baseline 0.004 -25"><span class='ocrx_word' id='word_1_150' title='bbox 47 2880 150 2959; x_wconf 90' lang='lat' dir='ltr'><strong>culpas</strong></span> <span class='ocrx_word' id='word_1_151' title='bbox 165 2883 293 2942; x_wconf 89' lang='lat' dir='ltr'><strong>nostras</strong></span> <span class='ocrx_word' id='word_1_152' title='bbox 307 2882 469 2944; x_wconf 89' lang='lat' dir='ltr'><strong>deleamus</strong></span> <span class='ocrx_word' id='word_1_153' title='bbox 482 2881 630 2964; x_wconf 79' lang='lat' dir='ltr'><strong>lacrymis</strong></span> <span class='ocrx_word' id='word_1_154' title='bbox 643 2885 675 2943; x_wconf 92' lang='lat' dir='ltr'><strong>et</strong></span> <span class='ocrx_word' id='word_1_155' title='bbox 691 2880 854 2961; x_wconf 87' lang='lat' dir='ltr'><strong>precibus,</strong></span> 
     </span>
     <span class='ocr_line' id='line_1_24' title="bbox 47 2981 851 3067; baseline 0 -22"><span class='ocrx_word' id='word_1_156' title='bbox 47 2981 124 3046; x_wconf 89' lang='lat' dir='ltr'><strong>bona</strong></span> <span class='ocrx_word' id='word_1_157' title='bbox 138 2989 251 3047; x_wconf 91' lang='lat' dir='ltr'><strong>nostra</strong></span> <span class='ocrx_word' id='word_1_158' title='bbox 263 2987 468 3049; x_wconf 86' lang='lat' dir='ltr'><strong>recondendo</strong></span> <span class='ocrx_word' id='word_1_159' title='bbox 482 3003 658 3067; x_wconf 91' lang='lat' dir='ltr'><strong>pauperum</strong></span> <span class='ocrx_word' id='word_1_160' title='bbox 672 2985 705 3048; x_wconf 92' lang='lat' dir='ltr'><strong>in</strong></span> <span class='ocrx_word' id='word_1_161' title='bbox 720 2984 851 3048; x_wconf 90' lang='lat' dir='ltr'><strong>sinibus.</strong></span> 
     </span>
    </p>
   </div>
   <div class='ocr_carea' id='block_1_10' title="bbox 47 3112 917 3400">
    <p class='ocr_par' dir='ltr' id='par_1_10' title="bbox 47 3112 917 3400">
     <span class='ocr_line' id='line_1_25' title="bbox 47 3112 917 3198; baseline 0.003 -24"><span class='ocrx_word' id='word_1_162' title='bbox 47 3112 78 3174; x_wconf 87' lang='lat' dir='ltr'><strong>lli</strong></span> <span class='ocrx_word' id='word_1_163' title='bbox 89 3119 168 3177; x_wconf 90' lang='lat' dir='ltr'><strong>sunt</strong></span> <span class='ocrx_word' id='word_1_164' title='bbox 181 3116 300 3196; x_wconf 85' lang='lat' dir='ltr'><strong>gradus</strong></span> <span class='ocrx_word' id='word_1_165' title='bbox 313 3135 370 3198; x_wconf 93' lang='lat' dir='ltr'><strong>per</strong></span> <span class='ocrx_word' id='word_1_166' title='bbox 383 3136 463 3197; x_wconf 91' lang='lat' dir='ltr'><strong>quos</strong></span> <span class='ocrx_word' id='word_1_167' title='bbox 478 3117 564 3179; x_wconf 90' lang='lat' dir='ltr'><strong>illam</strong></span> <span class='ocrx_word' id='word_1_168' title='bbox 573 3119 716 3180; x_wconf 88' lang='lat' dir='ltr'><strong>valemus</strong></span> <span class='ocrx_word' id='word_1_169' title='bbox 729 3115 917 3196; x_wconf 88' lang='lat' dir='ltr'><strong>ascendere,</strong></span> 
     </span>
     <span class='ocr_line' id='line_1_26' title="bbox 47 3214 769 3300; baseline 0.01 -27"><span class='ocrx_word' id='word_1_170' title='bbox 47 3214 68 3274; x_wconf 89' lang='lat' dir='ltr'><strong>si</strong></span> <span class='ocrx_word' id='word_1_171' title='bbox 82 3218 220 3280; x_wconf 89' lang='lat' dir='ltr'><strong>velimus</strong></span> <span class='ocrx_word' id='word_1_172' title='bbox 234 3220 339 3283; x_wconf 87' lang='lat' dir='ltr'><strong>carnis</strong></span> <span class='ocrx_word' id='word_1_173' title='bbox 352 3225 479 3284; x_wconf 87' lang='lat' dir='ltr'><strong>nostrae</strong></span> <span class='ocrx_word' id='word_1_174' title='bbox 493 3220 568 3284; x_wconf 87' lang='lat' dir='ltr'><strong>vitia</strong></span> <span class='ocrx_word' id='word_1_175' title='bbox 584 3224 769 3300; x_wconf 78' lang='lat' dir='ltr'><strong>conterere,</strong></span> 
     </span>
     <span class='ocr_line' id='line_1_27' title="bbox 47 3322 681 3400; baseline 0.013 -22"><span class='ocrx_word' id='word_1_176' title='bbox 47 3322 75 3379; x_wconf 90' lang='lat' dir='ltr'><strong>et</strong></span> <span class='ocrx_word' id='word_1_177' title='bbox 88 3339 146 3400; x_wconf 92' lang='lat' dir='ltr'><strong>pro</strong></span> <span class='ocrx_word' id='word_1_178' title='bbox 159 3327 226 3386; x_wconf 87' lang='lat' dir='ltr'><strong>Deo</strong></span> <span class='ocrx_word' id='word_1_179' title='bbox 241 3323 375 3387; x_wconf 89' lang='lat' dir='ltr'><strong>debitori</strong></span> <span class='ocrx_word' id='word_1_180' title='bbox 390 3326 497 3389; x_wconf 89' lang='lat' dir='ltr'><strong>debita</strong></span> <span class='ocrx_word' id='word_1_181' title='bbox 512 3325 681 3387; x_wconf 88' lang='lat' dir='ltr'><strong>dimittere.</strong></span> 
     </span>
    </p>
   </div>
   <div class='ocr_carea' id='block_1_11' title="bbox 47 3453 882 3742">
    <p class='ocr_par' dir='ltr' id='par_1_11' title="bbox 47 3453 882 3742">
     <span class='ocr_line' id='line_1_28' title="bbox 47 3453 861 3536; baseline 0.007 -27"><span class='ocrx_word' id='word_1_182' title='bbox 47 3453 126 3529; x_wconf 81' lang='lat' dir='ltr'><strong>Ergo</strong></span> <span class='ocrx_word' id='word_1_183' title='bbox 140 3456 268 3532; x_wconf 89' lang='lat' dir='ltr'><strong>patrem</strong></span> <span class='ocrx_word' id='word_1_184' title='bbox 282 3455 489 3536; x_wconf 82' lang='lat' dir='ltr'><strong>deprecemur</strong></span> <span class='ocrx_word' id='word_1_185' title='bbox 500 3461 600 3519; x_wconf 86' lang='lat' dir='ltr'><strong>Deum</strong></span> <span class='ocrx_word' id='word_1_186' title='bbox 613 3455 790 3519; x_wconf 87' lang='lat' dir='ltr'><strong>unianimes</strong></span> <span class='ocrx_word' id='word_1_187' title='bbox 802 3457 861 3536; x_wconf 86' lang='lat' dir='ltr'><strong>(l),</strong></span> 
     </span>
     <span class='ocr_line' id='line_1_29' title="bbox 47 3557 882 3642; baseline 0.002 -25"><span class='ocrx_word' id='word_1_188' title='bbox 47 3559 197 3634; x_wconf 88' lang='lat' dir='ltr'><strong>quatinus</strong></span> <span class='ocrx_word' id='word_1_189' title='bbox 212 3577 273 3622; x_wconf 93' lang='lat' dir='ltr'><strong>nos</strong></span> <span class='ocrx_word' id='word_1_190' title='bbox 284 3577 393 3622; x_wconf 87' lang='lat' dir='ltr'><strong>secum</strong></span> <span class='ocrx_word' id='word_1_191' title='bbox 406 3562 505 3624; x_wconf 88' lang='lat' dir='ltr'><strong>ducat</strong></span> <span class='ocrx_word' id='word_1_192' title='bbox 518 3579 613 3642; x_wconf 89' lang='lat' dir='ltr'><strong>supra</strong></span> <span class='ocrx_word' id='word_1_193' title='bbox 626 3559 705 3624; x_wconf 90' lang='lat' dir='ltr'><strong>coeli</strong></span> <span class='ocrx_word' id='word_1_194' title='bbox 720 3557 882 3638; x_wconf 81' lang='lat' dir='ltr'><strong>cardines,</strong></span> 
     </span>
     <span class='ocr_line' id='line_1_30' title="bbox 47 3661 729 3742; baseline 0.012 -24"><span class='ocrx_word' id='word_1_195' title='bbox 47 3662 75 3718; x_wconf 86' lang='lat' dir='ltr'><strong>et</strong></span> <span class='ocrx_word' id='word_1_196' title='bbox 88 3677 106 3721; x_wconf 88' lang='lat' dir='ltr'><strong>a</strong></span> <span class='ocrx_word' id='word_1_197' title='bbox 120 3661 226 3742; x_wconf 91' lang='lat' dir='ltr'><strong>culpis</strong></span> <span class='ocrx_word' id='word_1_198' title='bbox 241 3661 385 3742; x_wconf 82' lang='lat' dir='ltr'><strong>expiatos</strong></span> <span class='ocrx_word' id='word_1_199' title='bbox 400 3664 495 3727; x_wconf 87' lang='lat' dir='ltr'><strong>faciat</strong></span> <span class='ocrx_word' id='word_1_200' title='bbox 509 3682 568 3727; x_wconf 92' lang='lat' dir='ltr'><strong>nos</strong></span> <span class='ocrx_word' id='word_1_201' title='bbox 583 3664 729 3728; x_wconf 88' lang='lat' dir='ltr'><strong>caelibes.</strong></span> 
     </span>
    </p>
   </div>
   <div class='ocr_carea' id='block_1_12' title="bbox 48 3790 836 3878">
    <p class='ocr_par' dir='ltr' id='par_1_12' title="bbox 48 3790 836 3878">
     <span class='ocr_line' id='line_1_31' title="bbox 48 3790 836 3878; baseline 0.005 -27"><span class='ocrx_word' id='word_1_202' title='bbox 48 3790 115 3855; x_wconf 82' lang='lat' dir='ltr'><strong>Eia!</strong></span> <span class='ocrx_word' id='word_1_203' title='bbox 132 3793 228 3856; x_wconf 88' lang='lat' dir='ltr'><strong>Trine</strong></span> <span class='ocrx_word' id='word_1_204' title='bbox 242 3794 276 3858; x_wconf 94' lang='lat' dir='ltr'><strong>in</strong></span> <span class='ocrx_word' id='word_1_205' title='bbox 288 3797 448 3878; x_wconf 78' lang='lat' dir='ltr'><strong>personiS,</strong></span> <span class='ocrx_word' id='word_1_206' title='bbox 464 3797 598 3877; x_wconf 83' lang='lat' dir='ltr'><strong>simplex</strong></span> <span class='ocrx_word' id='word_1_207' title='bbox 612 3797 645 3860; x_wconf 93' lang='lat' dir='ltr'><strong>in</strong></span> <span class='ocrx_word' id='word_1_208' title='bbox 659 3793 836 3859; x_wconf 87' lang='lat' dir='ltr'><strong>substantia</strong></span> 
     </span>
    </p>
   </div>
   <div class='ocr_carea' id='block_1_13' title="bbox 12 3981 1117 4097">
    <p class='ocr_par' dir='ltr' id='par_1_13' title="bbox 12 3981 1117 4097">
     <span class='ocr_line' id='line_1_32' title="bbox 12 3981 1117 4097; baseline -0.007 -59"><span class='ocrx_word' id='word_1_209' title='bbox 12 3981 181 4097; x_wconf 36' lang='lat' dir='ltr'><strong>&amp;mammen</strong></span> <span class='ocrx_word' id='word_1_210' title='bbox 201 4001 260 4040; x_wconf 85' lang='lat' dir='ltr'><strong>cotto</strong></span> <span class='ocrx_word' id='word_1_211' title='bbox 277 3995 347 4042; x_wconf 83' lang='lat' dir='ltr'><strong>forme</strong></span> <span class='ocrx_word' id='word_1_212' title='bbox 364 4001 397 4040; x_wconf 90' lang='lat' dir='ltr'><strong>csl</strong></span> <span class='ocrx_word' id='word_1_213' title='bbox 416 3995 519 4052; x_wconf 84' lang='lat' dir='ltr'><strong>indique&#39;e</strong></span> <span class='ocrx_word' id='word_1_214' title='bbox 533 3996 588 4040; x_wconf 87' lang='lat' dir='ltr'><strong>daus</strong></span> <span class='ocrx_word' id='word_1_215' title='bbox 607 3997 636 4040; x_wconf 94' lang='lat' dir='ltr'><strong>du</strong></span> <span class='ocrx_word' id='word_1_216' title='bbox 658 3995 745 4051; x_wconf 82' lang='lat' dir='ltr'><strong>Congo,</strong></span> <span class='ocrx_word' id='word_1_217' title='bbox 768 3999 785 4038; x_wconf 90' lang='lat' dir='ltr'><strong>t.</strong></span> <span class='ocrx_word' id='word_1_218' title='bbox 800 3993 846 4047; x_wconf 85' lang='lat' dir='ltr'><strong>vl,</strong></span> <span class='ocrx_word' id='word_1_219' title='bbox 861 3991 901 4038; x_wconf 90' lang='lat' dir='ltr'><strong>col.</strong></span> <span class='ocrx_word' id='word_1_220' title='bbox 920 3995 985 4045; x_wconf 76' lang='grc'><strong>1679,</strong></span> <span class='ocrx_word' id='word_1_221' title='bbox 1003 3987 1037 4032; x_wconf 82' lang='lat' dir='ltr'><strong>ed.</strong></span> <span class='ocrx_word' id='word_1_222' title='bbox 1052 3985 1093 4030; x_wconf 79' lang='lat' dir='ltr'><strong>das</strong></span> <span class='ocrx_word' id='word_1_223' title='bbox 1114 3999 1117 4010; x_wconf 92' lang='lat'>·</span> 
     </span>
    </p>
   </div>
   <div class='ocr_carea' id='block_1_14' title="bbox 0 0 1345 4968">
    <p class='ocr_par' dir='ltr' id='par_1_14' title="bbox 0 0 1345 4968">
     <span class='ocr_line' id='line_1_33' title="bbox 0 0 1345 4968; baseline 0 0"><span class='ocrx_word' id='word_1_224' title='bbox 0 0 1345 4968; x_wconf 95' lang='lat' dir='ltr'><strong> </strong></span> 
     </span>
    </p>
   </div>
  </div>
 </body>
</html>
