2672 4968
480 487 646 544 -257—

309 611 359 674 his
369 615 405 674 tu
419 629 509 676 soror
523 617 555 675 et
568 613 674 674 frater.

307 720 520 801 iherusalem,
536 719 659 783 exrdta!

306 853 393 935 Nati,
409 856 517 934 parete
527 852 608 934 patri
621 879 629 933 3

308 960 371 1042 nli,
386 978 518 1024 sucurre
530 959 645 1040 matri3

309 1070 439 1150 iratres,
456 1067 571 1133 servite
585 1068 685 1130 fratri.

307 1176 521 1252 iherusalem,
537 1173 661 1238 exulta!

309 1311 388 1374 Urbs
401 1310 510 1390 regia,
527 1310 684 1390 gaudet03

306 1419 403 1482 corde
419 1418 537 1480 resulta
550 1418 650 1493 laeto,

307 1526 340 1585 et
353 1541 464 1587 secura
479 1522 626 1586 maneto!

305 1630 517 1710 iherusalem,
533 1631 641 1692 exulta
656 1628 663 1689 i

305 1769 373 1828 Rex
386 1763 538 1844 praecipit
551 1767 588 1825 ut
599 1738 709 1843 gentes
722 1811 729 1841 ,

307 1871 420 1951 gladiis
433 1871 624 1950 renitentes,

307 1982 339 2040 te
350 1978 478 2042 visitent
490 1977 684 2058 gaudentes:

307 2086 521 2165 iherusalem,
537 2085 664 2148 exulta!

308 2217 485 2280 Procedant
498 2217 584 2297 ipsae
598 2221 685 2296 tute,

304 2323 398 2402 signo
411 2324 515 2386 erucis
528 2324 677 2403 indutae,

311 2430 390 2492 coeii
402 2447 510 2510 regem
524 2431 667 2493 secutae!

304 2535 514 2616 iherusalem,
527 2537 654 2599 exulta!

303 2673 426 2732 Laneea
439 2669 524 2748 regis
537 2669 617 2732 coeli

197 2756 200 2762 ’
306 2776 392 2855 genti
405 2776 499 2838 datur
512 2775 615 2857 fideli,

305 2885 341 2944 ut
351 2881 394 2944 sit
404 2899 490 2945 murs
501 2881 630 2945 infideli.

305 2989 500 3051 iherusalem
510 3036 519 3068 ‚
529 2991 637 3052 exulta
649 2991 656 3051 Ξ

299 3126 415 3186 Coetus
428 3125 692 3205 Christianorum,

302 3248 359 3311 pro
373 3232 463 3294 vobis
476 3234 563 3294 stant
575 3234 765 3294 cunctorum

303 3342 449 3402 catervae
463 3342 664 3418 superorum.

299 3444 514 3524 iherusalem,
531 3445 656 3508 exulta!

299 3576 382 3652 Quid
394 3577 497 3658 igitur'
505 3579 636 3642 timetis!

300 3687 411 3746 Nonne
423 3684 517 3764 plane
530 3683 642 3748 videtis

299 3807 384 3870 quae
398 3790 481 3854 dona
496 3785 647 3870 capietis?

300 3897 495 3959 iherusalem
510 3945 518 3977 ,
532 3898 640 3960 exulta
652 3898 659 3959 !

300 4032 390 4091 tussa
403 4017 493 4110 regis
501 4028 718 4110 complentur3

300 4136 367 4199 finli
380 4138 413 4213 (l.
428 4136 544 4215 singuli
552 4141 575 4215 ?)
588 4132 787 4216 gratulentur
