2698 4970
787 463 931 518 -78-

437 585 524 666 jugis
535 583 612 647 dum
626 585 675 648 liis
689 584 803 648 institit
815 603 918 649 annus
930 587 968 650 lit
980 591 1118 652 octonus
1132 597 1158 669 (l
1168 601 1192 673 ι,

439 705 513 750 raro
526 686 731 750 interstitium
743 693 806 770 (u),
821 705 894 752 raro
906 691 994 770 rigor
1005 707 1136 770 pronus.
1225 747 1232 766 ,

439 814 486 876 Ad
499 815 654 876 alternam
665 813 807 894 requiem
817 819 928 879 monet
940 834 1000 880 nos
1013 821 1107 897 poeta
1121 845 1130 899 3

440 918 533 982 salin
548 917 711 982 sacrificiis
725 918 825 998 exigit
837 922 992 1001 propheta
1005 925 1061 1004 (3),

439 1038 499 1084 nco
507 1022 585 1102 quid
598 1023 704 1086 minus
717 1022 871 1103 scriptum
882 1041 980 1104 quam
993 1028 1070 1087 sunt
1079 1025 1253 1090 indiscreta
1266 1031 1322 1102 (lu

438 1143 497 1207 par
508 1129 557 1189 cst
573 1125 751 1206 homicidii,
768 1142 850 1188 crux
870 1125 1051 1204 irrequieta.

438 1255 573 1315 Sanctus
584 1252 737 1331 Thomas,
752 1251 879 1332 bajrdus
891 1249 1000 1330 virgae
1013 1253 1197 1333 pastorale,

435 1352 523 1432 jugis
534 1353 584 1415 his
595 1351 759 1431 septennio
773 1351 929 1431 praestitit
943 1351 976 1413 in
989 1351 1102 1414 malis:

438 1471 583 1534 quaeque
595 1471 660 1516 nox
674 1451 840 1532 crucifera,
853 1469 924 1516 rara
934 1453 1089 1534 (immol),
1105 1471 1172 1517 non
1183 1455 1337 1534 poenalis<

439 1559 480 1620 ab
491 1558 541 1621 his
555 1561 649 1622 nocie
659 1557 757 1620 libera
767 1557 838 1620 sesti
848 1557 1039 1637 principalis.

439 1697 508 1756 Non
522 1693 695 1756 observans
707 1691 875 1754 sabbatum
887 1709 927 1754 ne
940 1692 982 1754 sit
994 1708 1070 1754 sons
1083 1695 1116 1754 et
1129 1709 1228 1756 renus
1240 1696 1276 1770 (l.
1290 1711 1337 1756 reu

438 1798 475 1856 ut
488 1797 598 1857 sancta
613 1792 815 1856 sanctificans
828 1811 923 1856 verus
937 1794 979 1856 sit
989 1796 1148 1857 Hebraeus
1161 1801 1206 1870 (6)

438 1899 474 1960 fit
488 1898 556 1961 dios
567 1898 755 1978 praecipuus
769 1899 796 1962 ci
808 1901 955 1979 jubeleus
968 1901 1001 1976 (l.
1012 1900 1186 1980 jubilaeus)
1201 1928 1209 1962 ι

438 2009 472 2068 ct
484 2006 534 2067 his
546 2021 664 2069 vacans
678 2009 711 2068 et
723 2007 764 2068 ab
776 2006 826 2068 lris
837 2005 945 2068 differt
954 2011 1022 2083 (sic)
1034 2007 1110 2088 tibi,
1124 2011 1219 2070 Deus,

428 2138 536 2215 saepe
547 2138 650 2198 tortor
663 2135 789 2217 intulit,
805 2135 920 2198 sistens
933 2153 951 2196 a
965 2136 1098 2216 flagellis
1111 2165 1120 2198 ε

437 2241 630 2306 homicidam
641 2241 710 2306 fieri
721 2259 789 2322 me,
804 2243 907 2322 Pater,
923 2242 1106 2323 compallis3

437 2364 531 2426 saepe
544 2349 619 2410 laxo
627 2346 786 2428 ·frigidus,
802 2346 896 2409 llebili
911 2347 1053 2428 rebelle,

437 2453 550 2531 ipsese
565 2453 732 2534 dissecuit,
748 2453 819 2534 pius
832 2454 1016 2535 versipellis.

437 2579 468 2643 Si
481 2597 611 2642 veraces
622 2580 671 2642 sui
683 2582 760 2642 sunt
770 2583 958 2662 assertores,
974 2583 1090 2644 horum

436 2705 512 2751 vcra
526 2690 574 2749 est
586 2705 682 2767 quam
696 2688 799 2748 refero
813 2687 910 2750 series
919 2688 1062 2767 rigorum
1076 2713 1085 2766 ς

436 2807 510 2852 vere
523 2790 568 2851 rei
583 2788 715 2868 seriem,
731 2805 805 2850 vere
818 2805 886 2850 rem
898 2789 1057 2851 malorum

438 2896 532 2974 longe
546 2892 633 2974 pinxi
648 2892 776 2972 parcius
787 2911 884 2973 quam
896 2909 961 2957 vox
974 2897 1181 2956 assertorum.

435 3023 510 3086 llira
525 3025 585 3086 suh
599 3022 648 3084 his
662 3021 798 3102 parcitas
809 3025 904 3102 potus
916 3027 1012 3103 atque
1027 3021 1088 3085 cibi
1100 3072 1107 3104 ‚

436 3129 494 3191 sed
503 3131 590 3191 vetat
603 3127 739 3191 varietas
753 3127 902 3208 testium,
916 3127 950 3189 id
962 3127 1055 3190 scribi
1068 3153 1076 3208 3

316 3315 344 3369 (ι)
354 3314 415 3358 Ροιιι
424 3314 519 3357 octavus
526 3327 534 3364 ;
542 3323 569 3356 on
580 3324 608 3356 nc
618 3313 637 3357 le
645 3318 723 3356 trouve
730 3311 787 3354 dans
798 3312 828 3356 les
864 3310 884 3354 lc
892 3310 988 3368 premier
997 3310 1129 3356 hemistichc
1139 3322 1152 3356 a
1162 3322 1207 3356 une
1215 3310 1299 3368 syllabc
1306 3309 1327 3352 de

290 3375 449 3420 dictionnaires
462 3387 506 3430 quc
518 3385 604 3417 comme
616 3373 709 3416 nombre
722 3371 827 3416 cardinal.
865 3379 887 3416 el
897 3384 924 3416 ne
936 3373 1006 3416 forme
1017 3383 1093 3416 aucun
1103 3383 1155 3416 sens
1168 3371 1331 3424 raisonnablep

316 3438 345 3493 (ul
360 3436 486 3489 interval03
501 3435 555 3480 c’est
575 3436 594 3479 le
613 3435 660 3480 scul
672 3434 771 3488 exemplo
785 3444 829 3488 quc
865 3440 913 3480 erre
927 3434 1005 3480 lauru
1019 3435 1076 3480 lire:

289 3511 345 3542 nous
354 3499 506 3543 connaissions
513 3497 539 3541 de
545 3503 604 3541 cette
612 3494 767 3552 significaliom
773 3496 829 3538 mals
865 3522 936 3566 mmm
946 3525 1011 3562 nimis,
1023 3525 1111 3566 scriptum
1123 3529 1151 3556 m
1160 3533 1215 3566 qum
1226 3529 1269 3557 sun
1282 3523 1330 3556 indu

289 3560 408 3604 Frontinus
419 3559 494 3604 delinit
506 3559 563 3603 ainsi
575 3557 746 3608 intermittunt,-
758 3557 830 3612 Quic-

287 3622 559 3740 ffggtluffirgrggiociffigrna,
573 3620 607 3664 vel
622 3631 644 3662 m
656 3619 728 3662 memo
743 3619 828 3672 lmeae'
865 3599 915 3715 pais)
924 3659 1040 3704 traduisait
1054 3659 1073 3702 le
1085 3657 1198 3702 Poematia
1216 3657 1329 3726 Ιιοῠώιιιιιι(

287 3753 458 3870 nulllus:
471 3751 687 3868 lutum
701 3755 829 3858 nae
1208 3781 1232 3826 ιι
1247 3727 1329 3826 nr

287 3877 317 3922 ici
329 3889 360 3921 un
370 3877 409 3932 jeu
423 3880 450 3921 de
462 3881 534 3919 motst
548 3873 590 3918 Sol
600 3872 704 3929 signifiait
717 3874 827 3929 quelque-
864 3852 909 3889 ‘¹⁰¹¹
921 3845 948 3889 de
961 3845 991 3887 ‘¹¹¹
1022 3853 1086 3900 ΜΨ·

287 3939 330 3984 lois
351 3940 407 3984 daus
424 3938 446 3983 la
468 3937 542 3982 bonne
562 3936 645 3980 latinild
667 3934 828 3989 liuderdam,
892 3933 919 3986 (6)
934 3931 1106 3974 Probablcmenl
1122 3929 1249 3974 Hebraeus
1271 3936 1304 3974 est

287 3999 400 4059 Superum
415 4011 482 4056 voyez
491 4000 606 4052 Terence,
618 3995 764 4049 Eunuchus,
778 4001 824 4040 act.
864 3992 920 4037 dans
943 3993 962 4036 lc
982 4003 1032 4036 sens
1046 3991 1074 4036 de
1088 3991 1140 4036 Filo
1158 3991 1186 4034 de
1203 3991 1290 4044 Βίους
1304 3989 1316 4034 ιΊ

289 4063 324 4106 lll
334 4094 340 4117 ,
352 4073 385 4107 sc.
396 4073 419 4116 ι,
430 4074 453 4105 v.
465 4065 494 4116 9,
508 4066 530 4104 at
542 4059 656 4106 Cornelius
665 4057 752 4114 Nepos,
765 4055 828 4100 Alti—
864 4055 936 4098 moins
950 4052 1000 4097 bien
1014 4053 1102 4097 difficile
1121 4053 1148 4096 de
1167 4059 1264 4097 trouver
1284 4066 1298 4095 u

284 4135 344 4175 aur,
358 4125 395 4168 cli.
407 4135 465 4176 run,
481 4134 529 4178 par.
541 4127 563 4165 2.
864 4115 1105 4172 calionphiloloulque3
1115 4115 1147 4159 les
1157 4113 1297 4172 Septantcsl

330 4185 358 4239 (l)
373 4185 403 4228 (le
418 4197 468 4228 vers
483 4191 517 4227 est
531 4183 677 4227 c'videmmunl
697 4192 827 4236 corrompu3
864 4179 952 4222 Hateri
964 4190 1005 4233 pnr
1020 4167 1132 4230 ΙῙερατηε,
1146 4169 1280 4230 ΙΙεραιτης,
1295 4179 1310 4219 P

916 3599 922 3653 l
937 3597 1014 3642 Plcinc
1029 3597 1056 3641 dc
1070 3595 1214 3652 soullranoe;
1233 3597 1254 3642 lc
1269 3585 1330 3641 vienus

866 3733 944 3777 moyen
964 3725 1005 3776 age
1024 3731 1063 3776 par
1082 3719 1192 3763 Semuine
1213 3731 1316 3776 peneum
