<?xml version="1.0" encoding="UTF-8"?>
<!DOCTYPE html PUBLIC "-//W3C//DTD XHTML 1.0 Transitional//EN"
    "http://www.w3.org/TR/xhtml1/DTD/xhtml1-transitional.dtd">
<html xmlns="http://www.w3.org/1999/xhtml" xml:lang="en" lang="en">
 <head>
  <title>
</title>
<meta http-equiv="Content-Type" content="text/html;charset=utf-8" />
  <meta name='ocr-system' content='tesseract 3.04.00' />
  <meta name='ocr-capabilities' content='ocr_page ocr_carea ocr_par ocr_line ocrx_word'/>
</head>
<body>
  <div class='ocr_page' id='page_1' title='image "./posiespopulaire03mrgoog/posiespopulaire03mrgoog_0179.png"; bbox 0 0 2662 4968; ppageno 0'>
   <div class='ocr_carea' id='block_1_1' title="bbox 478 477 644 536">
    <p class='ocr_par' dir='ltr' id='par_1_1' title="bbox 478 477 644 536">
     <span class='ocr_line' id='line_1_1' title="bbox 478 477 644 536; baseline 0.018 -3"><span class='ocrx_word' id='word_1_1' title='bbox 478 477 644 536; x_wconf 81' lang='lat'>-173-</span> 
     </span>
    </p>
   </div>
   <div class='ocr_carea' id='block_1_2' title="bbox 96 599 768 1003">
    <p class='ocr_par' dir='ltr' id='par_1_2' title="bbox 99 599 707 689">
     <span class='ocr_line' id='line_1_2' title="bbox 99 599 707 689; baseline 0.026 -35"><span class='ocrx_word' id='word_1_2' title='bbox 99 599 254 673; x_wconf 84' lang='lat' dir='ltr'>ingerunt</span> <span class='ocrx_word' id='word_1_3' title='bbox 265 599 404 662; x_wconf 88' lang='lat' dir='ltr'>consiliis</span> <span class='ocrx_word' id='word_1_4' title='bbox 417 617 467 683; x_wconf 82' lang='lat' dir='ltr'>se,</span> <span class='ocrx_word' id='word_1_5' title='bbox 483 621 549 666; x_wconf 90' lang='lat' dir='ltr'>non</span> <span class='ocrx_word' id='word_1_6' title='bbox 563 605 686 669; x_wconf 88' lang='lat' dir='ltr'>invitati</span> <span class='ocrx_word' id='word_1_7' title='bbox 699 635 707 689; x_wconf 79' lang='lat'>3</span> 
     </span>
    </p>

    <p class='ocr_par' dir='ltr' id='par_1_3' title="bbox 96 701 768 1003">
     <span class='ocr_line' id='line_1_3' title="bbox 97 701 765 793; baseline 0.025 -30"><span class='ocrx_word' id='word_1_8' title='bbox 97 701 257 783; x_wconf 85' lang='lat' dir='ltr'>quidquid</span> <span class='ocrx_word' id='word_1_9' title='bbox 270 711 368 785; x_wconf 83' lang='lat' dir='ltr'>agant</span> <span class='ocrx_word' id='word_1_10' title='bbox 379 708 469 792; x_wconf 83' lang='lat' dir='ltr'>laici,</span> <span class='ocrx_word' id='word_1_11' title='bbox 485 711 640 793; x_wconf 89' lang='lat' dir='ltr'>quidquid</span> <span class='ocrx_word' id='word_1_12' title='bbox 650 715 765 780; x_wconf 89' lang='lat' dir='ltr'>literati</span> 
     </span>
     <span class='ocr_line' id='line_1_4' title="bbox 98 813 755 905; baseline 0.023 -34"><span class='ocrx_word' id='word_1_13' title='bbox 98 815 133 872; x_wconf 90' lang='lat' dir='ltr'>et</span> <span class='ocrx_word' id='word_1_14' title='bbox 145 813 285 890; x_wconf 83' lang='lat' dir='ltr'>majores</span> <span class='ocrx_word' id='word_1_15' title='bbox 298 815 403 879; x_wconf 83' lang='lat' dir='ltr'>clerici</span> <span class='ocrx_word' id='word_1_16' title='bbox 416 834 474 880; x_wconf 85' lang='lat' dir='ltr'>seu</span> <span class='ocrx_word' id='word_1_17' title='bbox 484 819 591 899; x_wconf 94' lang='lat' dir='ltr'>magni</span> <span class='ocrx_word' id='word_1_18' title='bbox 606 824 755 905; x_wconf 77' lang='lat' dir='ltr'>praelati,</span> 
     </span>
     <span class='ocr_line' id='line_1_5' title="bbox 96 921 768 1003; baseline 0.024 -25"><span class='ocrx_word' id='word_1_19' title='bbox 96 922 258 998; x_wconf 84' lang='lat' dir='ltr'>spernunt</span> <span class='ocrx_word' id='word_1_20' title='bbox 269 923 301 984; x_wconf 89' lang='lat' dir='ltr'>et</span> <span class='ocrx_word' id='word_1_21' title='bbox 311 921 492 1003; x_wconf 78' lang='lat' dir='ltr'>vituperant</span> <span class='ocrx_word' id='word_1_22' title='bbox 506 925 565 989; x_wconf 92' lang='lat' dir='ltr'>nisi</span> <span class='ocrx_word' id='word_1_23' title='bbox 575 928 640 990; x_wconf 92' lang='lat' dir='ltr'>sint</span> <span class='ocrx_word' id='word_1_24' title='bbox 652 931 768 994; x_wconf 87' lang='lat' dir='ltr'>vocati.</span> 
     </span>
    </p>
   </div>
   <div class='ocr_carea' id='block_1_3' title="bbox 97 1061 764 1153">
    <p class='ocr_par' dir='ltr' id='par_1_4' title="bbox 97 1061 764 1153">
     <span class='ocr_line' id='line_1_6' title="bbox 97 1061 764 1153; baseline 0.016 -30"><span class='ocrx_word' id='word_1_25' title='bbox 97 1061 134 1123; x_wconf 90' lang='lat' dir='ltr'>Hi</span> <span class='ocrx_word' id='word_1_26' title='bbox 148 1065 314 1142; x_wconf 86' lang='lat' dir='ltr'>portantes</span> <span class='ocrx_word' id='word_1_27' title='bbox 328 1066 469 1146; x_wconf 80' lang='lat' dir='ltr'>gladium</span> <span class='ocrx_word' id='word_1_28' title='bbox 482 1087 571 1132; x_wconf 89' lang='lat' dir='ltr'>more</span> <span class='ocrx_word' id='word_1_29' title='bbox 584 1071 764 1153; x_wconf 81' lang='lat' dir='ltr'>furibundi,</span> 
     </span>
    </p>
   </div>
   <div class='ocr_carea' id='block_1_4' title="bbox 94 1171 1021 1366">
    <p class='ocr_par' dir='ltr' id='par_1_5' title="bbox 94 1171 1021 1366">
     <span class='ocr_line' id='line_1_7' title="bbox 94 1171 1021 1261; baseline 0.017 -33"><span class='ocrx_word' id='word_1_30' title='bbox 94 1185 154 1246; x_wconf 89' lang='lat' dir='ltr'>per</span> <span class='ocrx_word' id='word_1_31' title='bbox 162 1171 237 1248; x_wconf 88' lang='lat' dir='ltr'>jura</span> <span class='ocrx_word' id='word_1_32' title='bbox 248 1189 330 1251; x_wconf 84' lang='lat' dir='ltr'>quac</span> <span class='ocrx_word' id='word_1_33' title='bbox 343 1173 491 1237; x_wconf 85' lang='lat' dir='ltr'>nesciunt</span> <span class='ocrx_word' id='word_1_34' title='bbox 500 1179 532 1238; x_wconf 85' lang='lat' dir='ltr'>et</span> <span class='ocrx_word' id='word_1_35' title='bbox 543 1194 700 1240; x_wconf 89' lang='lat' dir='ltr'>summam</span> <span class='ocrx_word' id='word_1_36' title='bbox 711 1177 757 1241; x_wconf 88' lang='lat' dir='ltr'>rei</span> <span class='ocrx_word' id='word_1_37' title='bbox 770 1197 828 1259; x_wconf 93' lang='lat' dir='ltr'>pro</span> <span class='ocrx_word' id='word_1_38' title='bbox 842 1180 951 1243; x_wconf 90' lang='lat' dir='ltr'>mundi</span> <span class='ocrx_word' id='word_1_39' title='bbox 962 1186 1021 1261; x_wconf 85' lang='lat' dir='ltr'>(l),</span> 
     </span>
     <span class='ocr_line' id='line_1_8' title="bbox 95 1273 854 1366; baseline 0.021 -33"><span class='ocrx_word' id='word_1_40' title='bbox 95 1273 235 1337; x_wconf 88' lang='lat' dir='ltr'>credunt</span> <span class='ocrx_word' id='word_1_41' title='bbox 246 1293 280 1340; x_wconf 90' lang='lat' dir='ltr'>se</span> <span class='ocrx_word' id='word_1_42' title='bbox 294 1279 490 1343; x_wconf 80' lang='lat' dir='ltr'>confundere</span> <span class='ocrx_word' id='word_1_43' title='bbox 504 1299 564 1344; x_wconf 83' lang='lat' dir='ltr'>nac</span> <span class='ocrx_word' id='word_1_44' title='bbox 574 1301 669 1362; x_wconf 88' lang='lat' dir='ltr'>posse</span> <span class='ocrx_word' id='word_1_45' title='bbox 681 1286 854 1366; x_wconf 80' lang='lat' dir='ltr'>conlundi,</span> 
     </span>
    </p>
   </div>
   <div class='ocr_carea' id='block_1_5' title="bbox 93 1383 796 1470">
    <p class='ocr_par' dir='ltr' id='par_1_6' title="bbox 93 1383 796 1470">
     <span class='ocr_line' id='line_1_9' title="bbox 93 1383 796 1470; baseline 0.014 -27"><span class='ocrx_word' id='word_1_46' title='bbox 93 1399 209 1444; x_wconf 91' lang='lat' dir='ltr'>omnes</span> <span class='ocrx_word' id='word_1_47' title='bbox 219 1383 364 1463; x_wconf 86' lang='lat' dir='ltr'>quamvis</span> <span class='ocrx_word' id='word_1_48' title='bbox 375 1385 495 1448; x_wconf 87' lang='lat' dir='ltr'>luerint</span> <span class='ocrx_word' id='word_1_49' title='bbox 506 1386 540 1449; x_wconf 93' lang='lat' dir='ltr'>in</span> <span class='ocrx_word' id='word_1_50' title='bbox 549 1390 622 1467; x_wconf 77' lang='lat' dir='ltr'>iure</span> <span class='ocrx_word' id='word_1_51' title='bbox 634 1390 796 1470; x_wconf 82' lang='lat' dir='ltr'>profundi.</span> 
     </span>
    </p>
   </div>
   <div class='ocr_carea' id='block_1_6' title="bbox 93 1524 820 1935">
    <p class='ocr_par' dir='ltr' id='par_1_7' title="bbox 93 1524 807 1722">
     <span class='ocr_line' id='line_1_10' title="bbox 93 1524 807 1615; baseline 0.017 -30"><span class='ocrx_word' id='word_1_52' title='bbox 93 1525 241 1603; x_wconf 83' lang='lat' dir='ltr'>Hac(ce?)</span> <span class='ocrx_word' id='word_1_53' title='bbox 256 1524 296 1588; x_wconf 89' lang='lat' dir='ltr'>de</span> <span class='ocrx_word' id='word_1_54' title='bbox 306 1527 469 1606; x_wconf 90' lang='lat' dir='ltr'>provincia</span> <span class='ocrx_word' id='word_1_55' title='bbox 484 1529 587 1593; x_wconf 87' lang='lat' dir='ltr'>dictus</span> <span class='ocrx_word' id='word_1_56' title='bbox 598 1549 656 1594; x_wconf 83' lang='lat' dir='ltr'>rex</span> <span class='ocrx_word' id='word_1_57' title='bbox 663 1535 807 1615; x_wconf 84' lang='lat' dir='ltr'>notavit,</span> 
     </span>
     <span class='ocr_line' id='line_1_11' title="bbox 94 1629 791 1722; baseline 0.014 -30"><span class='ocrx_word' id='word_1_58' title='bbox 94 1629 152 1693; x_wconf 91' lang='lat' dir='ltr'>ubi</span> <span class='ocrx_word' id='word_1_59' title='bbox 167 1629 208 1692; x_wconf 91' lang='lat' dir='ltr'>dc</span> <span class='ocrx_word' id='word_1_60' title='bbox 221 1633 437 1698; x_wconf 91' lang='lat' dir='ltr'>contractibus</span> <span class='ocrx_word' id='word_1_61' title='bbox 450 1638 483 1697; x_wconf 88' lang='lat' dir='ltr'>et</span> <span class='ocrx_word' id='word_1_62' title='bbox 494 1637 613 1700; x_wconf 87' lang='lat' dir='ltr'>chartis</span> <span class='ocrx_word' id='word_1_63' title='bbox 627 1641 791 1722; x_wconf 79' lang='lat' dir='ltr'>tractavit,</span> 
     </span>
    </p>

    <p class='ocr_par' dir='ltr' id='par_1_8' title="bbox 94 1739 741 1820">
     <span class='ocr_line' id='line_1_12' title="bbox 94 1739 741 1820; baseline 0.017 -20"><span class='ocrx_word' id='word_1_64' title='bbox 94 1739 176 1801; x_wconf 92' lang='lat' dir='ltr'>dum</span> <span class='ocrx_word' id='word_1_65' title='bbox 190 1743 297 1820; x_wconf 82' lang='lat' dir='ltr'>aperte</span> <span class='ocrx_word' id='word_1_66' title='bbox 308 1739 438 1804; x_wconf 90' lang='lat' dir='ltr'>minima</span> <span class='ocrx_word' id='word_1_67' title='bbox 449 1745 554 1807; x_wconf 86' lang='lat' dir='ltr'>totum</span> <span class='ocrx_word' id='word_1_68' title='bbox 565 1746 741 1811; x_wconf 90' lang='lat' dir='ltr'>nominavit</span> 
     </span>
    </p>

    <p class='ocr_par' dir='ltr' id='par_1_9' title="bbox 95 1847 820 1935">
     <span class='ocr_line' id='line_1_13' title="bbox 95 1847 820 1935; baseline 0.019 -28"><span class='ocrx_word' id='word_1_69' title='bbox 95 1847 130 1907; x_wconf 87' lang='lat' dir='ltr'>et</span> <span class='ocrx_word' id='word_1_70' title='bbox 143 1863 261 1909; x_wconf 89' lang='lat' dir='ltr'>nomen</span> <span class='ocrx_word' id='word_1_71' title='bbox 272 1850 375 1929; x_wconf 86' lang='lat' dir='ltr'>tuum,</span> <span class='ocrx_word' id='word_1_72' title='bbox 387 1852 420 1923; x_wconf 88' lang='lat' dir='ltr'>(o</span> <span class='ocrx_word' id='word_1_73' title='bbox 435 1853 527 1932; x_wconf 84' lang='lat' dir='ltr'>Lex),</span> <span class='ocrx_word' id='word_1_74' title='bbox 542 1850 636 1914; x_wconf 91' lang='lat' dir='ltr'>simul</span> <span class='ocrx_word' id='word_1_75' title='bbox 647 1857 820 1935; x_wconf 85' lang='lat' dir='ltr'>usurpavit.</span> 
     </span>
    </p>
   </div>
   <div class='ocr_carea' id='block_1_7' title="bbox 94 1991 948 2399">
    <p class='ocr_par' dir='ltr' id='par_1_10' title="bbox 95 1991 948 2293">
     <span class='ocr_line' id='line_1_14' title="bbox 95 1991 901 2083; baseline 0.014 -28"><span class='ocrx_word' id='word_1_76' title='bbox 95 1998 158 2055; x_wconf 85' lang='lat' dir='ltr'>Per</span> <span class='ocrx_word' id='word_1_77' title='bbox 170 1991 271 2072; x_wconf 89' lang='lat' dir='ltr'>ipsam</span> <span class='ocrx_word' id='word_1_78' title='bbox 283 1992 434 2056; x_wconf 86' lang='lat' dir='ltr'>causidici</span> <span class='ocrx_word' id='word_1_79' title='bbox 446 1997 522 2057; x_wconf 90' lang='lat' dir='ltr'>sunt</span> <span class='ocrx_word' id='word_1_80' title='bbox 534 2000 658 2060; x_wconf 86' lang='lat' dir='ltr'>Fratres</span> <span class='ocrx_word' id='word_1_81' title='bbox 671 1999 796 2083; x_wconf 81' lang='lat' dir='ltr'>effecti,</span> <span class='ocrx_word' id='word_1_82' title='bbox 898 2023 901 2034; x_wconf 70' lang='grc'><em>’</em></span> 
     </span>
     <span class='ocr_line' id='line_1_15' title="bbox 95 2099 948 2192; baseline 0.016 -31"><span class='ocrx_word' id='word_1_83' title='bbox 95 2099 273 2180; x_wconf 69' lang='lat' dir='ltr'>ipsamque</span> <span class='ocrx_word' id='word_1_84' title='bbox 282 2101 306 2178; x_wconf 73' lang='lat' dir='ltr'>l)</span> <span class='ocrx_word' id='word_1_85' title='bbox 318 2100 438 2162; x_wconf 82' lang='lat' dir='ltr'>liabent</span> <span class='ocrx_word' id='word_1_86' title='bbox 451 2118 560 2164; x_wconf 89' lang='lat' dir='ltr'>secum</span> <span class='ocrx_word' id='word_1_87' title='bbox 570 2120 718 2187; x_wconf 83' lang='lat' dir='ltr'>mensae,</span> <span class='ocrx_word' id='word_1_88' title='bbox 733 2107 821 2190; x_wconf 79' lang='lat' dir='ltr'>viae,</span> <span class='ocrx_word' id='word_1_89' title='bbox 835 2112 948 2192; x_wconf 74' lang='lat' dir='ltr'>le(c)ti,</span> 
     </span>
     <span class='ocr_line' id='line_1_16' title="bbox 96 2205 683 2293; baseline 0.005 -24"><span class='ocrx_word' id='word_1_90' title='bbox 96 2210 135 2269; x_wconf 90' lang='lat' dir='ltr'>ut</span> <span class='ocrx_word' id='word_1_91' title='bbox 143 2205 244 2270; x_wconf 88' lang='lat' dir='ltr'>videri</span> <span class='ocrx_word' id='word_1_92' title='bbox 254 2207 381 2271; x_wconf 89' lang='lat' dir='ltr'>valcant</span> <span class='ocrx_word' id='word_1_93' title='bbox 394 2205 428 2269; x_wconf 92' lang='lat' dir='ltr'>in</span> <span class='ocrx_word' id='word_1_94' title='bbox 439 2210 511 2287; x_wconf 85' lang='lat' dir='ltr'>jure</span> <span class='ocrx_word' id='word_1_95' title='bbox 522 2211 683 2293; x_wconf 85' lang='lat' dir='ltr'>provecti,</span> 
     </span>
    </p>

    <p class='ocr_par' dir='ltr' id='par_1_11' title="bbox 94 2311 822 2399">
     <span class='ocr_line' id='line_1_17' title="bbox 94 2311 822 2399; baseline 0.01 -23"><span class='ocrx_word' id='word_1_96' title='bbox 94 2331 159 2376; x_wconf 88' lang='lat' dir='ltr'>nec</span> <span class='ocrx_word' id='word_1_97' title='bbox 169 2316 284 2376; x_wconf 91' lang='lat' dir='ltr'>curant</span> <span class='ocrx_word' id='word_1_98' title='bbox 295 2313 335 2376; x_wconf 86' lang='lat' dir='ltr'>de</span> <span class='ocrx_word' id='word_1_99' title='bbox 344 2311 448 2376; x_wconf 89' lang='lat' dir='ltr'>bibliis</span> <span class='ocrx_word' id='word_1_100' title='bbox 459 2331 538 2393; x_wconf 89' lang='lat' dir='ltr'>quas</span> <span class='ocrx_word' id='word_1_101' title='bbox 553 2315 656 2378; x_wconf 80' lang='lat' dir='ltr'>solent</span> <span class='ocrx_word' id='word_1_102' title='bbox 665 2320 822 2399; x_wconf 84' lang='lat' dir='ltr'>amplecti.</span> 
     </span>
    </p>
   </div>
   <div class='ocr_carea' id='block_1_8' title="bbox 93 2465 1020 2869">
    <p class='ocr_par' dir='ltr' id='par_1_12' title="bbox 94 2465 1020 2662">
     <span class='ocr_line' id='line_1_18' title="bbox 94 2465 1020 2561; baseline 0.012 -33"><span class='ocrx_word' id='word_1_103' title='bbox 94 2468 320 2545; x_wconf 87' lang='lat' dir='ltr'>Enervante(t)</span> <span class='ocrx_word' id='word_1_104' title='bbox 329 2465 528 2546; x_wconf 68' lang='lat' dir='ltr'>distruuntll.</span> <span class='ocrx_word' id='word_1_105' title='bbox 539 2467 719 2546; x_wconf 86' lang='lat' dir='ltr'>destruunt)</span> <span class='ocrx_word' id='word_1_106' title='bbox 724 2472 805 2550; x_wconf 82' lang='lat' dir='ltr'>juris</span> <span class='ocrx_word' id='word_1_107' title='bbox 815 2475 1020 2561; x_wconf 79' lang='lat' dir='ltr'>aequitatem,</span> 
     </span>
     <span class='ocr_line' id='line_1_19' title="bbox 95 2575 858 2662; baseline 0.009 -27"><span class='ocrx_word' id='word_1_108' title='bbox 95 2590 158 2635; x_wconf 85' lang='lat' dir='ltr'>nec</span> <span class='ocrx_word' id='word_1_109' title='bbox 172 2575 349 2653; x_wconf 87' lang='lat' dir='ltr'>sequuntur</span> <span class='ocrx_word' id='word_1_110' title='bbox 362 2590 523 2636; x_wconf 89' lang='lat' dir='ltr'>canonum</span> <span class='ocrx_word' id='word_1_111' title='bbox 539 2591 659 2636; x_wconf 86' lang='lat' dir='ltr'>meram</span> <span class='ocrx_word' id='word_1_112' title='bbox 673 2580 858 2662; x_wconf 75' lang='lat' dir='ltr'>veritatem3</span> 
     </span>
    </p>

    <p class='ocr_par' dir='ltr' id='par_1_13' title="bbox 94 2679 877 2763">
     <span class='ocr_line' id='line_1_20' title="bbox 94 2679 877 2763; baseline 0.009 -21"><span class='ocrx_word' id='word_1_113' title='bbox 94 2682 224 2760; x_wconf 84' lang='lat' dir='ltr'>plenam</span> <span class='ocrx_word' id='word_1_114' title='bbox 237 2697 306 2742; x_wconf 89' lang='lat' dir='ltr'>esse</span> <span class='ocrx_word' id='word_1_115' title='bbox 319 2679 461 2745; x_wconf 83' lang='lat' dir='ltr'>clavibus</span> <span class='ocrx_word' id='word_1_116' title='bbox 474 2681 517 2757; x_wconf 74' lang='lat'>(2)</span> <span class='ocrx_word' id='word_1_117' title='bbox 531 2685 652 2761; x_wconf 85' lang='lat' dir='ltr'>negant</span> <span class='ocrx_word' id='word_1_118' title='bbox 664 2687 855 2763; x_wconf 88' lang='lat' dir='ltr'>potestatem</span> <span class='ocrx_word' id='word_1_119' title='bbox 869 2716 877 2749; x_wconf 71' lang='grc' dir='ltr'><strong>ι</strong></span> 
     </span>
    </p>

    <p class='ocr_par' dir='ltr' id='par_1_14' title="bbox 93 2787 837 2869">
     <span class='ocr_line' id='line_1_21' title="bbox 93 2787 837 2869; baseline 0.005 -19"><span class='ocrx_word' id='word_1_120' title='bbox 93 2787 186 2869; x_wconf 91' lang='lat' dir='ltr'>quod</span> <span class='ocrx_word' id='word_1_121' title='bbox 196 2787 324 2868; x_wconf 89' lang='lat' dir='ltr'>quidem</span> <span class='ocrx_word' id='word_1_122' title='bbox 337 2787 531 2851; x_wconf 85' lang='lat' dir='ltr'>haereticam</span> <span class='ocrx_word' id='word_1_123' title='bbox 544 2789 627 2868; x_wconf 90' lang='lat' dir='ltr'>sapit</span> <span class='ocrx_word' id='word_1_124' title='bbox 638 2791 837 2869; x_wconf 84' lang='lat' dir='ltr'>pravitatem.</span> 
     </span>
    </p>
   </div>
   <div class='ocr_carea' id='block_1_9' title="bbox 92 2927 1014 3337">
    <p class='ocr_par' dir='ltr' id='par_1_15' title="bbox 92 2927 1014 3337">
     <span class='ocr_line' id='line_1_22' title="bbox 94 2927 983 3029; baseline 0.008 -27"><span class='ocrx_word' id='word_1_125' title='bbox 94 2943 142 3002; x_wconf 87' lang='lat' dir='ltr'>De</span> <span class='ocrx_word' id='word_1_126' title='bbox 156 2938 288 3002; x_wconf 92' lang='lat' dir='ltr'>occultis</span> <span class='ocrx_word' id='word_1_127' title='bbox 298 2937 462 3019; x_wconf 87' lang='lat' dir='ltr'>judicatur</span> <span class='ocrx_word' id='word_1_128' title='bbox 473 2940 507 3014; x_wconf 87' lang='lat' dir='ltr'>(l.</span> <span class='ocrx_word' id='word_1_129' title='bbox 515 2938 674 3018; x_wconf 85' lang='lat' dir='ltr'>judicant)</span> <span class='ocrx_word' id='word_1_130' title='bbox 687 2944 724 3002; x_wconf 93' lang='lat' dir='ltr'>nt</span> <span class='ocrx_word' id='word_1_131' title='bbox 735 2940 775 3004; x_wconf 87' lang='lat' dir='ltr'>de</span> <span class='ocrx_word' id='word_1_132' title='bbox 785 2927 983 3029; x_wconf 78' lang='lat' dir='ltr'>manifestis,</span> 
     </span>
     <span class='ocr_line' id='line_1_23' title="bbox 94 3044 1014 3140; baseline 0.012 -32"><span class='ocrx_word' id='word_1_133' title='bbox 94 3049 129 3108; x_wconf 85' lang='lat' dir='ltr'>et</span> <span class='ocrx_word' id='word_1_134' title='bbox 138 3063 234 3126; x_wconf 86' lang='lat' dir='ltr'>quam</span> <span class='ocrx_word' id='word_1_135' title='bbox 246 3046 280 3120; x_wconf 93' lang='lat' dir='ltr'>(l.</span> <span class='ocrx_word' id='word_1_136' title='bbox 292 3061 386 3124; x_wconf 87' lang='lat' dir='ltr'>quem</span> <span class='ocrx_word' id='word_1_137' title='bbox 395 3048 420 3119; x_wconf 80' lang='lat' dir='ltr'>l)</span> <span class='ocrx_word' id='word_1_138' title='bbox 429 3061 488 3107; x_wconf 90' lang='lat' dir='ltr'>nec</span> <span class='ocrx_word' id='word_1_139' title='bbox 498 3044 655 3107; x_wconf 88' lang='lat' dir='ltr'>confessio</span> <span class='ocrx_word' id='word_1_140' title='bbox 666 3046 826 3111; x_wconf 87' lang='lat' dir='ltr'>convincit</span> <span class='ocrx_word' id='word_1_141' title='bbox 839 3069 898 3114; x_wconf 86' lang='lat' dir='ltr'>nec</span> <span class='ocrx_word' id='word_1_142' title='bbox 908 3056 1014 3140; x_wconf 86' lang='lat' dir='ltr'>testis,</span> 
     </span>
     <span class='ocr_line' id='line_1_24' title="bbox 92 3150 874 3238; baseline 0.001 -20"><span class='ocrx_word' id='word_1_143' title='bbox 92 3153 155 3218; x_wconf 86' lang='lat' dir='ltr'>sed</span> <span class='ocrx_word' id='word_1_144' title='bbox 168 3157 204 3216; x_wconf 97' lang='lat' dir='ltr'>ut</span> <span class='ocrx_word' id='word_1_145' title='bbox 215 3154 249 3228; x_wconf 90' lang='lat' dir='ltr'>(l.</span> <span class='ocrx_word' id='word_1_146' title='bbox 262 3152 374 3228; x_wconf 75' lang='lat' dir='ltr'>sicuti)</span> <span class='ocrx_word' id='word_1_147' title='bbox 387 3150 545 3215; x_wconf 84' lang='lat' dir='ltr'>evidentia</span> <span class='ocrx_word' id='word_1_148' title='bbox 559 3150 599 3212; x_wconf 90' lang='lat' dir='ltr'>de</span> <span class='ocrx_word' id='word_1_149' title='bbox 611 3152 750 3230; x_wconf 87' lang='lat' dir='ltr'>pcccatis</span> <span class='ocrx_word' id='word_1_150' title='bbox 764 3155 874 3238; x_wconf 86' lang='lat' dir='ltr'>gestis,</span> 
     </span>
     <span class='ocr_line' id='line_1_25' title="bbox 93 3255 830 3337; baseline -0.005 -13"><span class='ocrx_word' id='word_1_151' title='bbox 93 3262 251 3324; x_wconf 91' lang='lat' dir='ltr'>damnant</span> <span class='ocrx_word' id='word_1_152' title='bbox 266 3257 491 3337; x_wconf 83' lang='lat' dir='ltr'>decretalibus,</span> <span class='ocrx_word' id='word_1_153' title='bbox 506 3255 631 3337; x_wconf 88' lang='lat' dir='ltr'>scriptis</span> <span class='ocrx_word' id='word_1_154' title='bbox 643 3259 677 3318; x_wconf 88' lang='lat' dir='ltr'>ct</span> <span class='ocrx_word' id='word_1_155' title='bbox 690 3257 830 3336; x_wconf 82' lang='lat' dir='ltr'>digestis.</span> 
     </span>
    </p>
   </div>
   <div class='ocr_carea' id='block_1_10' title="bbox 94 3398 916 3804">
    <p class='ocr_par' dir='ltr' id='par_1_16' title="bbox 94 3398 879 3697">
     <span class='ocr_line' id='line_1_26' title="bbox 94 3398 859 3485; baseline -0.003 -20"><span class='ocrx_word' id='word_1_156' title='bbox 94 3409 185 3479; x_wconf 85' lang='lat' dir='ltr'>Quos</span> <span class='ocrx_word' id='word_1_157' title='bbox 197 3401 309 3466; x_wconf 91' lang='lat' dir='ltr'>volunt</span> <span class='ocrx_word' id='word_1_158' title='bbox 320 3399 484 3464; x_wconf 75' lang='lat' dir='ltr'>absolvere</span> <span class='ocrx_word' id='word_1_159' title='bbox 498 3400 667 3463; x_wconf 89' lang='lat' dir='ltr'>absolvunt</span> <span class='ocrx_word' id='word_1_160' title='bbox 680 3401 729 3461; x_wconf 83' lang='lat' dir='ltr'>vol</span> <span class='ocrx_word' id='word_1_161' title='bbox 742 3398 859 3485; x_wconf 85' lang='lat' dir='ltr'>ligant,</span> 
     </span>
     <span class='ocr_line' id='line_1_27' title="bbox 94 3505 879 3591; baseline 0 -20"><span class='ocrx_word' id='word_1_162' title='bbox 94 3526 180 3590; x_wconf 90' lang='lat' dir='ltr'>quos</span> <span class='ocrx_word' id='word_1_163' title='bbox 194 3508 307 3572; x_wconf 93' lang='lat' dir='ltr'>volunt</span> <span class='ocrx_word' id='word_1_164' title='bbox 319 3505 485 3587; x_wconf 80' lang='lat' dir='ltr'>alleviant,</span> <span class='ocrx_word' id='word_1_165' title='bbox 504 3523 585 3587; x_wconf 88' lang='lat' dir='ltr'>quos</span> <span class='ocrx_word' id='word_1_166' title='bbox 596 3507 710 3572; x_wconf 89' lang='lat' dir='ltr'>volunt</span> <span class='ocrx_word' id='word_1_167' title='bbox 723 3507 859 3589; x_wconf 82' lang='lat' dir='ltr'>fatigant</span> <span class='ocrx_word' id='word_1_168' title='bbox 871 3538 879 3591; x_wconf 79' lang='lat'>3</span> 
     </span>
     <span class='ocr_line' id='line_1_28' title="bbox 94 3614 737 3697; baseline 0 -19"><span class='ocrx_word' id='word_1_169' title='bbox 94 3616 123 3679; x_wconf 92' lang='lat' dir='ltr'>si</span> <span class='ocrx_word' id='word_1_170' title='bbox 139 3615 193 3696; x_wconf 89' lang='lat' dir='ltr'>qui</span> <span class='ocrx_word' id='word_1_171' title='bbox 208 3631 263 3678; x_wconf 89' lang='lat' dir='ltr'>eos</span> <span class='ocrx_word' id='word_1_172' title='bbox 277 3615 409 3678; x_wconf 82' lang='lat' dir='ltr'>forsitan</span> <span class='ocrx_word' id='word_1_173' title='bbox 423 3617 546 3678; x_wconf 85' lang='lat' dir='ltr'>secreto</span> <span class='ocrx_word' id='word_1_174' title='bbox 560 3614 737 3697; x_wconf 76' lang='lat' dir='ltr'>castigant,</span> 
     </span>
    </p>

    <p class='ocr_par' dir='ltr' id='par_1_17' title="bbox 95 3723 916 3804">
     <span class='ocr_line' id='line_1_29' title="bbox 95 3723 916 3804; baseline -0.001 -18"><span class='ocrx_word' id='word_1_175' title='bbox 95 3727 225 3804; x_wconf 85' lang='lat' dir='ltr'>tempus</span> <span class='ocrx_word' id='word_1_176' title='bbox 238 3726 414 3804; x_wconf 81' lang='lat' dir='ltr'>quaerunt,</span> <span class='ocrx_word' id='word_1_177' title='bbox 434 3723 549 3786; x_wconf 89' lang='lat' dir='ltr'>talibus</span> <span class='ocrx_word' id='word_1_178' title='bbox 563 3726 600 3785; x_wconf 88' lang='lat' dir='ltr'>ut</span> <span class='ocrx_word' id='word_1_179' title='bbox 612 3741 747 3803; x_wconf 86' lang='lat' dir='ltr'>poenam</span> <span class='ocrx_word' id='word_1_180' title='bbox 761 3723 916 3803; x_wconf 84' lang='lat' dir='ltr'>infligant.</span> 
     </span>
    </p>
   </div>
   <div class='ocr_carea' id='block_1_11' title="bbox 9 3971 1117 4098">
    <p class='ocr_par' dir='ltr' id='par_1_18' title="bbox 9 3971 1117 4098">
     <span class='ocr_line' id='line_1_30' title="bbox 29 3971 1117 4033; baseline -0.005 -12"><span class='ocrx_word' id='word_1_181' title='bbox 29 3978 55 4033; x_wconf 79' lang='lat' dir='ltr'>ll)</span> <span class='ocrx_word' id='word_1_182' title='bbox 70 3979 100 4024; x_wconf 84' lang='lat' dir='ltr'>Le</span> <span class='ocrx_word' id='word_1_183' title='bbox 114 3977 200 4024; x_wconf 85' lang='lat' dir='ltr'>second</span> <span class='ocrx_word' id='word_1_184' title='bbox 213 3973 344 4020; x_wconf 71' lang='lat' dir='ltr'>hemistichii</span> <span class='ocrx_word' id='word_1_185' title='bbox 354 3988 368 4020; x_wconf 85' lang='lat' dir='ltr'>a</span> <span class='ocrx_word' id='word_1_186' title='bbox 378 3976 436 4020; x_wconf 83' lang='lat' dir='ltr'>deux</span> <span class='ocrx_word' id='word_1_187' title='bbox 448 3974 542 4030; x_wconf 83' lang='lat' dir='ltr'>svllabes</span> <span class='ocrx_word' id='word_1_188' title='bbox 604 3973 633 4028; x_wconf 73' lang='lat'>(2)</span> <span class='ocrx_word' id='word_1_189' title='bbox 648 3971 679 4016; x_wconf 85' lang='lat' dir='ltr'>La</span> <span class='ocrx_word' id='word_1_190' title='bbox 692 3971 789 4028; x_wconf 78' lang='lat' dir='ltr'>papautt</span> <span class='ocrx_word' id='word_1_191' title='bbox 800 3971 838 4027; x_wconf 91' lang='lat' dir='ltr'>qui</span> <span class='ocrx_word' id='word_1_192' title='bbox 850 3985 864 4016; x_wconf 87' lang='lat' dir='ltr'>a</span> <span class='ocrx_word' id='word_1_193' title='bbox 874 3985 928 4030; x_wconf 84' lang='lat' dir='ltr'>pour</span> <span class='ocrx_word' id='word_1_194' title='bbox 940 3985 1014 4020; x_wconf 85' lang='lat' dir='ltr'>armes</span> <span class='ocrx_word' id='word_1_195' title='bbox 1027 3979 1117 4033; x_wconf 73' lang='lat' dir='ltr'>sympo-</span> 
     </span>
     <span class='ocr_line' id='line_1_31' title="bbox 9 4033 1115 4098; baseline -0.008 -16"><span class='ocrx_word' id='word_1_196' title='bbox 9 4038 31 4084; x_wconf 81' lang='lat' dir='ltr'>tlc</span> <span class='ocrx_word' id='word_1_197' title='bbox 48 4046 110 4098; x_wconf 83' lang='lat' dir='ltr'>trop;</span> <span class='ocrx_word' id='word_1_198' title='bbox 133 4051 189 4086; x_wconf 77' lang='lat' dir='ltr'>sans</span> <span class='ocrx_word' id='word_1_199' title='bbox 204 4040 271 4083; x_wconf 84' lang='lat' dir='ltr'>doute</span> <span class='ocrx_word' id='word_1_200' title='bbox 291 4037 386 4083; x_wconf 80' lang='lat' dir='ltr'>l&#39;auteur</span> <span class='ocrx_word' id='word_1_201' title='bbox 400 4036 462 4082; x_wconf 84' lang='lat' dir='ltr'>avait</span> <span class='ocrx_word' id='word_1_202' title='bbox 474 4035 506 4079; x_wconf 84' lang='lat' dir='ltr'>dit</span> <span class='ocrx_word' id='word_1_203' title='bbox 519 4035 542 4078; x_wconf 81' lang='lat' dir='ltr'>el</span> <span class='ocrx_word' id='word_1_204' title='bbox 576 4033 647 4090; x_wconf 83' lang='lat' dir='ltr'>liques</span> <span class='ocrx_word' id='word_1_205' title='bbox 659 4033 713 4078; x_wconf 87' lang='lat' dir='ltr'>trois</span> <span class='ocrx_word' id='word_1_206' title='bbox 722 4034 779 4086; x_wconf 77' lang='lat' dir='ltr'>cita,</span> <span class='ocrx_word' id='word_1_207' title='bbox 795 4045 863 4090; x_wconf 85' lang='lat' dir='ltr'>parce</span> <span class='ocrx_word' id='word_1_208' title='bbox 877 4047 922 4092; x_wconf 81' lang='lat' dir='ltr'>qua</span> <span class='ocrx_word' id='word_1_209' title='bbox 935 4037 1115 4084; x_wconf 63' lang='lat' dir='ltr'>lasus-christ„</span> 
     </span>
    </p>
   </div>
   <div class='ocr_carea' id='block_1_12' title="bbox 9 4094 1114 4208">
    <p class='ocr_par' dir='ltr' id='par_1_19' title="bbox 9 4094 1114 4208">
     <span class='ocr_line' id='line_1_32' title="bbox 9 4094 1114 4200; baseline 0.003 -58"><span class='ocrx_word' id='word_1_210' title='bbox 9 4111 102 4148; x_wconf 73' lang='lat' dir='ltr'>mmmm</span> <span class='ocrx_word' id='word_1_211' title='bbox 124 4112 166 4147; x_wconf 77' lang='lat' dir='ltr'>rea</span> <span class='ocrx_word' id='word_1_212' title='bbox 184 4097 270 4144; x_wconf 64' lang='lat' dir='ltr'>mmai</span> <span class='ocrx_word' id='word_1_213' title='bbox 292 4111 321 4144; x_wconf 90' lang='lat' dir='ltr'>ou</span> <span class='ocrx_word' id='word_1_214' title='bbox 342 4111 388 4155; x_wconf 84' lang='lat' dir='ltr'>pro</span> <span class='ocrx_word' id='word_1_215' title='bbox 407 4109 498 4142; x_wconf 76' lang='lat' dir='ltr'>aemma</span> <span class='ocrx_word' id='word_1_216' title='bbox 513 4108 541 4139; x_wconf 80' lang='lat' dir='ltr'>re</span> <span class='ocrx_word' id='word_1_217' title='bbox 576 4094 637 4200; x_wconf 43' lang='lat' dir='ltr'>ditat</span> <span class='ocrx_word' id='word_1_218' title='bbox 653 4095 712 4140; x_wconf 78' lang='lat' dir='ltr'>saint</span> <span class='ocrx_word' id='word_1_219' title='bbox 725 4096 819 4141; x_wconf 83' lang='lat' dir='ltr'>Plena:</span> <span class='ocrx_word' id='word_1_220' title='bbox 835 4096 884 4141; x_wconf 81' lang='lat' dir='ltr'>Tibi</span> <span class='ocrx_word' id='word_1_221' title='bbox 898 4097 955 4144; x_wconf 82' lang='lat' dir='ltr'>dabo</span> <span class='ocrx_word' id='word_1_222' title='bbox 966 4100 1041 4145; x_wconf 85' lang='lat' dir='ltr'>claves</span> <span class='ocrx_word' id='word_1_223' title='bbox 1051 4104 1114 4157; x_wconf 82' lang='lat' dir='ltr'>regni</span> 
     </span>
     <span class='ocr_line' id='line_1_33' title="bbox 9 4163 697 4208; baseline -0.007 -4"><span class='ocrx_word' id='word_1_224' title='bbox 9 4163 93 4208; x_wconf 77' lang='lat' dir='ltr'>nundi.</span> <span class='ocrx_word' id='word_1_225' title='bbox 577 4169 603 4200; x_wconf 89' lang='lat' dir='ltr'>co</span> <span class='ocrx_word' id='word_1_226' title='bbox 624 4167 697 4200; x_wconf 86' lang='lat' dir='ltr'>orum.</span> 
     </span>
    </p>
   </div>
   <div class='ocr_carea' id='block_1_13' title="bbox 0 0 1336 4968">
    <p class='ocr_par' dir='ltr' id='par_1_20' title="bbox 0 0 1336 4968">
     <span class='ocr_line' id='line_1_34' title="bbox 0 0 1336 4968; baseline 0 0"><span class='ocrx_word' id='word_1_227' title='bbox 0 0 1336 4968; x_wconf 95' lang='lat' dir='ltr'> </span> 
     </span>
    </p>
   </div>
  </div>
 </body>
</html>
