2662 4968
452 391 617 455 -iii-

246 523 357 583 ierret
370 521 502 584 medies
515 522 662 603 terroris,

249 628 316 691 irae
328 627 399 692 dies
412 633 445 691 et
458 631 590 714 furoris,

247 733 315 795 dies
328 735 434 797 luctus
448 738 480 798 et
490 738 661 820 moeroriS,

247 845 315 908 dies
327 846 426 909 ultrix
440 849 641 928 peccatoris(
664 855 686 925 ).

246 982 430 1058 Expavesco
443 979 573 1060 quidem
585 983 723 1045 muitum

244 1085 653 1170 judieisventurivuitum,

246 1188 298 1251 eui
312 1189 424 1252 latebit
435 1191 481 1252 nil
492 1191 655 1258 occultum

244 1297 278 1355 et
291 1294 434 1356 manebit
448 1295 492 1357 nil
506 1295 666 1378 inultum(
687 1297 707 1374 ).

245 1429 283 1488 Et
296 1425 384 1508 quis,
399 1445 536 1510 quaeso,

552 1447 617 1492 nou
629 1430 768 1511 timebit,

245 1531 375 1610 quando
387 1532 489 1611 Judex
503 1532 684 1614 apparebit,

245 1639 321 1698 aute
335 1654 431 1716 quern
445 1636 528 1716 iguis
539 1638 680 1723 ardebit,

246 1744 493 1823 peccatoresque
508 1742 625 1805 delebit
637 1744 700 1825 (3)?

247 1869 359 1932 Veniet
367 1870 470 1952 judex
485 1871 652 1954 decoctis,

246 1974 335 2038 testis
350 1993 448 2040 verax
466 1981 499 2040 et
512 1977 635 2060 fidelis,

245 2079 352 2142 veniet
365 2083 397 2142 et
411 2099 477 2144 non
492 2082 596 2145 silebit
608 2109 616 2164 3

243 2184 416 2266 judicabit,
432 2206 498 2250 non
514 2187 648 2251 timebit.

246 2312 334 2372 ruste
347 2311 478 2392 quidem
494 2285 652 2394 pidicabit

248 2431 307 2478 nec
320 2435 490 2496 personam
501 2419 681 2500 acceptabit
691 2421 747 2502 (i),

5 2609 29 2663 iii
42 2608 202 2668 Gettestropbe
210 2613 345 2658 sembieune
353 2615 515 2662 reminisceuce

2 2669 122 2727 tSopbonie
137 2673 176 2730 qui
190 2673 222 2718 dit
235 2675 290 2720 dans
304 2677 323 2720 ic
335 2677 430 2733 premier
444 2679 511 2735 ebap.

2 2744 47 2776 tses
61 2735 207 2792 Propheties,
219 2749 241 2780 v.
254 2742 296 2781 152

2 2809 31 2836 ma
40 2810 65 2838 est
71 2808 112 2840 dies
121 2809 199 2841 Domini
205 2819 291 2852 magnus,
297 2810 353 2850 juxto
358 2815 385 2844 est
391 2813 445 2844 velox
452 2813 515 2847 nimis.

2 2856 16 2881 u
24 2850 58 2883 diei
69 2853 148 2884 Domini
156 2863 223 2896 uvare,
236 2855 315 2894 turpiter
324 2855 350 2887 ibi
359 2857 437 2896 ejulabit
445 2857 496 2890 foris.

3 2901 19 2926 es
27 2896 68 2935 irae,
77 2897 119 2930 dies
132 2897 171 2940 ilin,
182 2899 221 2931 dies
231 2899 356 2932 tribulationis
366 2905 384 2932 et
392 2902 489 2942 angustiae
495 2920 515 2926 -

256 2944 305 2984 [dies
314 2945 378 2978 turbio
387 2949 405 2978 et
416 2947 515 2988 clangoris.

2 3010 86 3055 tractae
99 3010 207 3053 souveuir
221 3022 234 3054 a
250 3023 303 3055 sans
317 3010 383 3055 doute
397 3011 479 3070 inspice
493 3013 514 3057 ia

2 3069 79 3174 ciiii?
93 3071 188 3126 strophe
206 3072 233 3116 de
252 3071 273 3116 ie
294 3069 363 3117 Prote
377 3071 418 3145 dee
431 3073 514 3129 iteris,

34 3143 99 3186 quon
114 3133 138 3176 ia
150 3133 232 3178 ebante
245 3134 301 3178 dans
315 3135 346 3180 ies
357 3135 454 3192 egirses:

80 3207 129 3239 Dies
139 3207 187 3248 itte,
200 3207 239 3239 dies
249 3207 292 3248 illa,

3 3279 4 3282 ,
80 3252 144 3283 solvet
153 3252 234 3284 saeclum
243 3252 264 3283 in
272 3252 347 3294 isvilla,

79 3299 131 3328 teste
140 3295 201 3328 David
210 3305 252 3328 cnm
262 3296 340 3337 Sibylla.

2 3366 32 3402 tus
41 3363 174 3416 alcuterene
186 3362 219 3407 ies
232 3367 313 3419 quatre
326 3363 447 3418 premieres
460 3369 516 3410 stro·

2 3430 26 3465 tes
41 3423 67 3468 de
88 3429 152 3470 cette
171 3435 237 3480 prose
256 3427 296 3481 qui
314 3437 343 3470 ue
364 3437 388 3470 se
409 3432 514 3472 trouvent

2 3484 78 3530 edane
92 3485 114 3531 ie
129 3491 192 3530 texte
201 3485 228 3531 de
240 3487 361 3542 Mantuam
376 3488 428 3532 eiies
442 3488 515 3533 ierant

2 3541 44 3602 itur
52 3547 127 3592 sentir
137 3553 284 3606 sesrapports
293 3561 349 3594 avec
360 3549 380 3594 ia
394 3550 457 3607 piece
469 3563 514 3607 que

2 3606 27 3650 ts
37 3608 143 3665 pubiions
154 3621 161 3654 z

79 3683 149 3724 cogita
161 3681 183 3723 [1.
191 3681 296 3726 Quaesoii,
309 3683 377 3716 Anima
386 3685 457 3728 fidelis,

3 3735 5 3740 ·
78 3729 104 3760 sd
113 3727 162 3767 quid
171 3728 280 3768 respondere
290 3729 336 3760 veiis

78 3773 156 3804 christo
165 3776 244 3804 venturo
253 3773 276 3804 ds
285 3772 351 3815 coelis,

78 3833 129 3866 Cum
138 3832 226 3874 deposcet
234 3833 325 3866 radonem

79 3877 104 3910 ob
113 3877 160 3910 boni
172 3877 302 3920 omissionem,

79 3923 103 3954 ob
114 3921 162 3955 moli
172 3923 334 3956 commissionem?

77 3984 125 4016 Dies
133 3985 180 4026 iiie,
190 3983 230 4015 dies
241 3983 294 4022 ires.

78 4037 138 4068 qnam
146 4035 237 4060 conemur
244 4029 352 4068 praevenire

4 4117 5 4124 ἵ
78 4073 194 4114 obviamque
203 4073 241 4105 Deo
251 4073 290 4116 ire,

661 2625 714 2656 seua
726 2625 849 2665 contritione,

663 2669 734 2710 gratim
743 2670 899 2710 apprehensione,

663 2712 714 2745 ritae
725 2713 866 2747 commotione!

663 2766 707 2799 Dies
717 2766 765 2809 irae,
778 2770 813 2800 etc.

578 2853 605 2910 (it
626 2853 662 2900 On
677 2855 700 2899 iit
714 2855 769 2899 dans
783 2857 804 2902 ia
818 2857 908 2914 strophe
921 2861 935 2902 6
948 2856 975 2900 de
987 2856 1007 2900 ia
1023 2855 1093 2901 Prote

551 2915 591 2960 aas
603 2915 675 2961 liora
687 2929 695 2960 .·

662 2993 673 3024 J
675 2993 723 3024 udcx
732 3003 776 3034 ergo
785 3002 827 3026 cum
836 2993 917 3033 sedebit,

662 3037 754 3078 quidquid
763 3039 808 3072 latet
819 3039 929 3079 apparebit3

661 3081 689 3112 nil
699 3081 780 3114 inuitum
789 3083 899 3117 remanebit,

577 3168 607 3224 (3)
629 3167 665 3212 On
684 3171 789 3212 rdrcute
808 3165 829 3210 ie
847 3169 920 3211 meme
933 3169 1092 3220 mourement,

550 3229 607 3272 mais
620 3239 677 3273 avec
692 3228 741 3284 pius
758 3227 785 3272 de
799 3227 910 3282 vivacita,
926 3227 982 3272 dans
998 3227 1018 3272 ie
1036 3227 1094 3272 Dies

548 3289 616 3343 irae,
631 3294 671 3333 str.
686 3295 718 3333 7:

661 3362 709 3404 Quid
719 3371 760 3394 surn
769 3363 825 3394 miser
833 3365 879 3395 tune
887 3361 987 3397 dicturus?

549 3518 601 3564 Geia
612 3518 707 3576 rappeiie
723 3531 749 3564 ce
760 3524 835 3564 verset
847 3519 875 3564 de
888 3518 947 3564 iob:

571 3603 620 3643 Quid
634 3603 685 3634 enirn
696 3603 775 3642 inciam,
792 3611 835 3634 cum
846 3602 926 3635 annexit
936 3602 960 3634 ad
967 3601 1091 3643 judicandum

548 3647 612 3680 beust
623 3647 647 3680 Et
659 3655 701 3679 cum
713 3645 822 3690 quaesierit,
833 3647 878 3687 quid
887 3645 1016 3688 respondebo?

547 3713 623 3770 Voyez
636 3714 697 3759 aussi
708 3715 729 3758 iu
743 3714 806 3772 piece
817 3713 928 3758 suivaute.

574 3815 603 3872 (i)
616 3814 646 3860 Et
660 3827 688 3860 ne
702 3815 749 3860 iera
761 3826 802 3871 pas
816 3815 933 3871 acceptior
945 3813 983 3858 des
994 3824 1091 3870 person-

548 3888 595 3921 nes.
616 3875 680 3922 Getie
696 3875 844 3934 signification
863 3875 920 3920 n'est
933 3887 974 3932 pas
987 3875 1091 3932 indiqute

548 3937 603 3982 dans
617 3937 645 3981 du
655 3938 745 3995 Cange;
759 3937 816 3982 mais
826 3938 841 3982 ii
854 3949 882 3982 en
894 3937 965 3982 donne
976 3949 1020 3982 une
1029 3949 1089 3982 ana-

547 3998 612 4055 logue
624 4000 637 4045 i
646 3999 799 4058 Aeeeptcior5
813 3999 844 4044 ies
853 3997 909 4045 bons
918 3998 1031 4046 ecrivains
1040 4011 1090 4046 cra-

547 4061 659 4118 piopaient
670 4063 725 4118 daus
739 4074 765 4108 ce
779 4074 830 4108 sens
841 4063 960 4118 acceptor.
