2662 4968
702 510 743 520 —
759 478 815 536 t'li
829 511 868 522 -

323 610 542 675 omnishomo
557 605 713 688 gaudeat!
729 608 788 668 Tot
800 623 898 686 papas
908 607 1073 672 videmus!

215 771 221 782 .
324 723 394 781 Non
407 734 484 797 ergo
499 715 538 778 de
551 713 645 778 Curia
658 731 791 777 romana
802 731 968 796 curemus5

325 843 399 888 nam
413 825 528 887 cuncta
542 840 616 886 cum
629 820 791 884 Fratribus
804 822 884 885 haec
897 823 1106 902 expediemus

326 931 499 996 dummodo
512 928 681 1010 pecuniam
693 944 790 1008 quam
801 931 915 1009 petunt
927 932 1099 1010 portemus.

325 1081 387 1140 llos
400 1073 531 1155 praelati
545 1072 671 1152 pessimi
685 1072 739 1152 qui
753 1073 838 1134 fama
852 1073 999 1136 laborant

324 1306 460 1371 quorum
474 1289 574 1350 multa
588 1285 720 1350 erimina
734 1287 850 1348 lamam
862 1286 1069 1368 decolorant,

325 1415 366 1460 ne
379 1395 463 1476 ipsos
477 1394 690 1473 redarguant,
705 1395 841 1472 pascunt
853 1397 886 1456 et
900 1395 1070 1457 honorant.

326 1541 427 1618 thue
437 1554 494 1617 per
506 1535 671 1616 episcopos
684 1538 809 1597 Fratres
820 1540 1024 1617 venerantur,

327 1644 372 1708 sic
385 1661 441 1724 per
454 1643 540 1724 ipsos
553 1641 686 1706 crimina
700 1657 759 1705 sua
772 1642 943 1722 palliantur
956 1669 964 1724 3

329 1753 406 1814 dum
419 1767 489 1813 sese
502 1749 645 1814 funiculo
658 1748 715 1810 tali
728 1750 945 1831 foederantur,

329 1857 379 1921 lris
392 1856 506 1920 crescit
518 1853 752 1936 praesumptio,
767 1854 811 1917 illi
823 1855 1047 1935 depravantur.

329 2005 407 2063 Nam
420 1999 446 2062 si
461 1999 501 2062 de
514 1998 564 2061 his
575 1997 733 2078 quispiam
746 2001 830 2060 esset
842 2002 1030 2081 aecusatus,

328 2111 453 2170 Fratres
461 2107 617 2169 clamante
633 2104 779 2168 Sanctior
786 2123 852 2168 non
861 2104 939 2169 vivit
947 2108 1117 2186 praelatus.

236 2207 241 2220 '
328 2213 477 2290 Quamvis
489 2212 693 2294 symoniacus
705 2215 803 2279 notus
815 2215 848 2274 et
858 2214 1026 2294 probatus,

328 2321 374 2384 sic
387 2322 547 2401 praelatus
557 2321 702 2382 remanet
714 2321 747 2380 et
759 2336 869 2382 secum
883 2322 1000 2384 reatus.

327 2459 365 2520 at
379 2473 453 2519 curn
466 2471 555 2518 more
565 2453 659 2518 solito
673 2452 796 2516 faciunt
809 2470 1004 2534 sermonem,
1067 2431 1071 2439 ²

327 2563 476 2626 videntur
489 2561 522 2624 in
534 2561 687 2624 cathedra
701 2560 777 2623 dare
789 2560 959 2624 lectionem
972 2586 980 2641 3

327 2673 390 2733 hoe
404 2669 446 2732 ad
459 2686 551 2731 suam
564 2667 687 2730 iaciunt
700 2667 1012 2747 [h]ostentationem,

326 2777 381 2840 sed
395 2795 461 2840 non
474 2774 672 2838 audientium
685 2773 727 2836 ad
740 2772 994 2838 instructionem.

324 2915 444 2973 Horum
456 2927 522 2972 non
535 2907 676 2972 invenies
684 2923 876 2996 quemquam
885 2906 989 2970 verbis
1000 2912 1125 2988 partum
1137 2911 1171 2986 (l.
1183 2914 1314 2990 parcunt

326 3023 358 3082 et
370 3018 470 3099 pudet
482 3016 634 3078 inducere
647 3015 826 3076 Mathaeum
840 3016 872 3076 et
886 3016 1074 3092 Marc[h]um

325 3125 381 3188 sed
392 3142 449 3204 per
461 3121 652 3186 aristotilem
666 3124 699 3182 et
710 3137 767 3200 per
780 3120 997 3184 Aristarchum

322 3371 426 3442 Quum
440 3364 593 3427 deberent
605 3360 757 3442 populum
770 3359 812 3420 ad
823 3359 945 3422 bonurn
958 3361 1121 3444 (morteri,

323 3474 482 3555 quaerunt
490 3487 563 3533 curn
571 3469 605 3544 (l.
614 3470 703 3543 curt)
712 3464 873 3547 opportuit
882 3467 1053 3547 sp(h)eram
1062 3472 1240 3553 rotundari⁷

322 3583 357 3643 et
367 3578 527 3660 quaerunt
538 3575 578 3638 de
592 3573 728 3653 circulo,
744 3571 770 3634 si
784 3576 892 3652 posset
902 3571 1052 3654 quadrari
1065 3602 1073 3656 3

322 3687 370 3750 sol
383 3687 462 3766 quot
476 3683 570 3745 debet
583 3679 734 3760 gradibus
746 3678 779 3740 in
793 3678 885 3758 signo
898 3681 1026 3743 morari.

321 3819 447 3899 ln'gono
459 3818 492 3891 (l.
508 3814 661 3894 Trigorios
670 3817 694 3886 l)
707 3812 935 3893 quadrangulis
949 3815 974 3877 si
988 3817 1059 3895 quis
1071 3820 1237 3902 alte(ra)ri‚

322 3927 407 3989 unde
423 3925 556 4007 possunt
572 3922 605 3997 (l.
622 3917 743 4000 possint
751 3923 776 3994 l)
793 3920 964 4000 grandiens
984 3924 1018 3997 (l.
1035 3927 1201 4005 grandius)
1218 3929 1313 3990 aestate

322 4033 362 4094 de
375 4031 425 4094 his
436 4034 468 4093 et
480 4027 633 4092 similibus
646 4043 712 4088 non
725 4025 901 4103 debelretnt
913 4027 991 4110 lari,
1221 4031 1312 4111 [arari

322 4156 396 4201 cum
408 4154 474 4200 non
487 4133 586 4216 possit
595 4133 731 4213 populus
744 4132 794 4195 his
805 4133 974 4197 aedificari.
