2672 4968
685 464 726 474 -
738 430 796 492 234
811 461 850 472 -

614 558 774 624 transierit
785 605 794 636 ‚

613 666 785 750 perdiderit

640 775 789 838 calorem.

635 933 735 998 Rideo

616 1041 692 1104 dum
703 1039 796 1103 video

554 1148 657 1210 virum
670 1146 757 1226 longi
770 1143 934 1224 temperis,

554 1255 606 1334 qui
621 1254 662 1316 ad
674 1269 776 1316 annos
790 1249 928 1314 Nestoris

613 1355 792 1440 ingreditur

615 1468 648 1527 et
661 1463 805 1544 sequitur

637 1587 789 1634 amorem.

757 1804 854 1866 Antra
866 1805 918 1882 (1).

507 2004 587 2062 Ecce
600 1999 761 2060 laetantur
775 1993 902 2072 omnia,

505 2122 650 2187 quaeque
664 2104 743 2165 dant
755 2119 813 2171 sua
828 2099 943 2180 gaudia
955 2145 963 2178 ,

505 2215 638 2293 excepto
652 2228 704 2274 me
717 2207 773 2292 qui
786 2206 888 2290 gratia

506 2319 627 2383 amicae
639 2333 730 2383 meae
745 2331 861 2394 οπεος

506 2425 593 2510 qued
604 2420 818 2504 quorumdam
829 2416 949 2484 invidia

509 2529 633 2609 evenit,
649 2527 736 2594 unde
751 2526 855 2589 doleo.

510 2695 604 2752 Amor
621 2685 739 2751 amoris
752 2687 864 2748 lancea

509 2813 561 2858 me
574 2792 754 2858 vulneravit
766 2805 883 2868 aurea,

510 2903 637 2964 mallem
651 2917 712 2978 ego
726 2897 813 2979 quod
825 2894 973 2976 plumea
988 2919 994 2952 ι

510 3005 643 3070 namsic
657 3005 690 3072 in
704 3004 791 3071 illam
802 3002 919 3080 ardeo,

511 3132 577 3177 non
591 3115 640 3175 est
651 3115 766 3177 catana
779 3111 882 3174 ferrea

511 3237 593 3301 quae
607 3216 659 3281 me
672 3217 797 3283 teneret
808 3217 934 3294 laqueo.

513 3378 567 3439 Est
580 3375 728 3456 equidem
745 3390 796 3435 res
812 3371 926 3450 anxia,

514 3500 603 3546 amor
616 3484 729 3565 plenus
742 3477 889 3559 miseria3

514 3607 590 3652 nam
601 3592 679 3651 tuno
693 3585 795 3650 datin
809 3586 844 3661 (i.
858 3582 948 3656 niihi)
959 3578 1075 3660 gaudia

515 3713 589 3760 cum
603 3696 684 3762 velle
697 3691 814 3756 mentis
826 3691 973 3770 (h)abe0,

516 3802 592 3865 item
605 3802 759 3882 praebent
770 3801 804 3872 (i.
819 3799 962 3879 praehet)
972 3793 1106 3874 suspiria

518 3926 591 3976 eum
605 3907 711 3988 arpita
724 3924 792 3969 non
802 3907 909 3969 teneo.
982 3979 984 3986 y

254 4114 281 4169 (t)
296 4113 322 4156 B.
338 4115 367 4158 R.
384 4121 410 4156 no
422 4115 475 4156 5719
489 4109 568 4169 (ΧΙΙΙο
582 4109 665 4165 ridete),
680 4107 719 4154 iei-
735 4111 775 4164 tt,
789 4112 858 4154 recto.
