2672 4968
700 422 739 432 —
754 393 866 448 268—-

510 516 598 580 Prius
612 533 683 579 eras
699 518 887 598 praecipua,

507 623 604 686 modo
618 624 702 687 taeta
716 641 751 687 es
765 627 871 705 fatua,

507 728 655 809 exigente
669 730 761 810 eulpa
781 735 854 812 tua,

507 837 629 914 strages
643 835 795 898 reddetur
808 839 930 901 mutua.

463 1099 558 1187 Autre
572 1128 749 1206 complaints
762 1147 814 1192 sur
829 1130 855 1191 le
868 1133 958 1192 marne
972 1129 1054 1210 sajet.

504 1368 632 1449 carole,
647 1385 772 1448 gemma
784 1371 955 1452 uomitum,

505 1470 570 1534 dux
583 1471 719 1556 inelyte,
734 1475 793 1538 ilos
804 1476 958 1559 militurn,

503 1581 535 1640 te
547 1578 691 1643 dolemus
705 1581 898 1647 immeritum

501 1686 667 1763 pertulisse
676 1687 840 1752 interitum
852 1689 859 1750 ἔ

501 1819 598 1896 CuJus
607 1821 747 1897 prudens
758 1822 913 1886 modestia
928 1888 933 1904 ¹

501 1924 534 1984 et
544 1924 644 1987 solers
657 1925 839 2008 vigilantia,

500 2029 633 2093 sollicite
643 2049 701 2111 pro
715 2035 818 2113 patria

500 2137 569 2198 tuta
582 2139 729 2202 servabat
740 2141 857 2204 omnia.

499 2269 540 2328 Te
554 2268 770 2335 exhorrebant
787 2273 892 2356 impii,

496 2374 646 2438 amabant
657 2379 757 2457 patris
770 2379 843 2460 tilii3

496 2481 589 2545 bonis
601 2484 691 2547 loeus
704 2487 836 2569 refugii,

494 2588 585 2651 malis
594 2606 665 2656 eras
676 2593 833 2672 supplicii.

494 2727 537 2786 Te
547 2725 637 2805 luget
649 2725 751 2791 dulcis
764 2730 878 2810 Gallia,

493 2847 552 2909 pro
563 2833 595 2894 te
610 2833 708 2912 gemit
721 2836 926 2920 Burgundia,

494 2938 527 2997 et
538 2937 683 3016 proxima
695 2941 856 3006 Britannia
870 2993 878 3024 ‚

493 3042 622 3123 insuper
632 3050 742 3110 nostra
756 3051 867 3128 patria.

491 3179 595 3258 Quae,
608 3178 821 3271 laerymarum
835 3186 965 3248 flumine

492 3287 671 3350 exuberans
684 3289 753 3352 sine
764 3289 844 3372 tine,

491 3391 566 3473 flet,
581 3410 682 3456 vacua
695 3396 867 3479 regimine,

487 3498 610 3578 privata
623 3504 655 3562 et
666 3503 842 3568 munimine
853 3511 905 3584 (1).

488 3621 681 3714 Oth)!quam
689 3637 773 3699 bona
781 3640 972 3704 constantia!

486 3743 588 3814 Quam
601 3745 752 3806 constans
762 3745 930 3823 patientia!

220 4000 247 4055 (t)
259 3998 416 4060 Gettestrophe
427 4010 514 4052 mentre
522 4019 568 4063 que
579 4021 605 4054 ee
617 4011 734 4057 ehantdut
769 4014 824 4071 hon,
839 4021 862 4062 et
872 4017 1178 4074 reppellei'avant-deruitre
1191 4024 1307 4080 strophedr

192 4062 267 4106 suivre
285 4062 312 4107 de
326 4065 434 4121 nes-pres
449 4068 469 4111 la
487 4076 545 4114 mort
557 4071 585 4116 de
604 4072 695 4118 Charias
713 4075 733 4119 ie
769 4077 789 4120 la
801 4089 858 4134 paga
869 4079 1010 4133 precedente.
