2672 4968
493 473 658 530 421-

245 609 355 655 verum
369 593 498 678 loquor,
519 597 623 662 verius
673 587 677 604 ⁸

167 694 310 760 tunditur
323 699 444 763 bonum
454 705 549 782 atque
566 703 689 766 melius.

244 855 291 940 Ad
305 857 423 936 gradus
434 860 586 926 virtutum

205 979 375 1045 properea,
390 969 427 1028 ut
440 969 487 1030 sol
501 968 542 1031 ad
553 969 735 1049 meridiem,

243 1072 437 1150 paupertatis
450 1077 565 1138 nutum

202 1175 358 1259 sentiens,
372 1197 506 1259 quaeres
517 1183 587 1262 ejus
601 1181 713 1245 laniem
727 1210 735 1242 ι

164 1297 238 1362 our,
253 1286 392 1347 Fortuna
405 1286 524 1368 vitrea,
539 1287 585 1352 sie
600 1288 724 1369 delicis,

243 1390 375 1454 ouroito
390 1410 457 1455 non
470 1393 568 1456 elliois
715 1383 719 1390 ’

162 1494 249 1572 quod
262 1495 304 1557 sit
317 1497 370 1561 hie
383 1497 416 1560 in
428 1499 499 1562 loeo
513 1499 692 1562 Pontifieis?

242 1656 303 1718 Sed
316 1657 342 1718 si
356 1674 422 1719 non
432 1661 481 1720 est
491 1658 655 1739 princeps,

202 1762 372 1825 cathedrae
385 1763 504 1827 seilicet
517 1763 642 1846 officia,
656 1793 661 1845 ς

241 1872 278 1931 ut
291 1871 394 1933 clerus
408 1871 556 1952 deinceps

202 1981 357 2039 memorat
370 1977 499 2058 quando
513 1977 642 2059 electio,

160 2083 210 2142 est
223 2083 345 2145 statura
357 2082 489 2147 caeteris
499 2085 729 2168 praestantior,

241 2188 331 2250 vultu
345 2189 538 2270 elegantior,

161 2294 303 2359 moribus
317 2295 441 2359 cunctis
454 2296 673 2358 honorantior.

242 2459 341 2537 Major
353 2473 424 2518 mea
435 2456 547 2538 laude,

202 2565 302 2626 forma
316 2563 381 2627 veri
393 2564 550 2646 hominis,

240 2671 347 2731 tamen
360 2667 428 2732 sine
439 2669 552 2733 fraude

204 2772 336 2852 gloriam
351 2792 431 2838 cano
443 2775 492 2838 sui
506 2776 663 2840 nominis:

161 2879 248 2940 verbi
263 2879 318 2942 Dei
331 2881 433 2960 gratia
447 2883 484 2944 lit
495 2883 593 2964 ratio,

242 3005 308 3050 non
320 2991 368 3050 est
381 2988 534 3068 adulatio,

161 3093 249 3157 hune
263 3092 354 3156 decet
367 3112 440 3158 vere
454 3094 656 3160 collaudatio.

242 3233 320 3296 lluie
334 3233 446 3313 ignoro
460 3250 568 3312 parem

161 3337 286 3402 circiter
298 3357 355 3421 per
365 3342 466 3402 totam
478 3337 688 3421 carinthiam,

241 3445 268 3509 si
279 3447 530 3526 perambularent

160 3555 319 3635 Saxones,
334 3557 471 3616 Francos
485 3557 517 3614 et
530 3553 709 3635 Bavariam,

161 3662 280 3722 Suevos
293 3707 301 3742 ,
316 3660 452 3723 fertilem
465 3659 634 3743 alsatiam,

240 3767 282 3829 ihi
296 3767 392 3830 linem
406 3766 539 3848 faciam,

161 3892 227 3937 uun
241 3875 339 3938 habet
351 3875 454 3937 clerus
468 3877 576 3956 talem,
591 3894 698 3956 quam.
713 3923 719 3938 .
734 3923 743 3939 .
