2662 4968
469 372 632 427 —171-

88 494 212 553 Partem
223 510 351 574 quoque
363 495 537 559 summam
550 498 779 559 subtraxerunt
792 498 896 575 tures,

88 594 204 660 deinde
217 597 381 662 residuum
394 602 603 666 eomederunt
615 617 741 680 mures;

89 705 122 764 et
130 704 165 779 (l.
177 706 242 780 att)
254 705 280 767 si
295 706 377 769 seire
388 708 521 772 forsitan
534 707 700 776 veritatem
714 725 825 789 eures,

89 812 187 872 testes
198 811 255 873 tibi
271 813 416 878 dabimus
430 815 485 898 qui
496 813 645 880 viderunt
657 817 774 895 plures.

88 943 147 1017 Qui
161 961 228 1007 non
238 947 358 1009 habent
370 923 482 1012 biblios
494 951 539 1025 (ί)
552 947 611 1011 sibi
623 951 846 1029 praeparatas,

89 1050 135 1114 sio
148 1053 259 1118 tantur
272 1055 427 1136 episeopis
442 1085 450 1118 ι
465 1057 598 1120 Multum
609 1055 791 1118 diffamatae

94 1158 219 1253 hahetis
233 1159 375 1230 dioceses
388 1167 421 1228 et
431 1162 671 1247 coinquinatam

91 1265 184 1328 nobis
198 1271 324 1332 constat
337 1271 484 1334 haereses
497 1269 541 1334 ibi
554 1269 735 1334 sentinatas.

91 1403 162 1462 Non
175 1403 310 1464 utuntur
319 1403 424 1466 clerici
439 1404 539 1466 nostri
550 1403 764 1467 vestimentis:

92 1506 149 1568 sed
162 1510 272 1572 tenent
284 1509 436 1591 focarias,
450 1512 537 1591 quod
548 1512 669 1576 clamor
680 1513 730 1572 est
745 1506 847 1589 gentis

91 1721 181 1801 quod
193 1722 453 1802 exgradientibus
466 1725 559 1808 pacet
568 1722 777 1805 argumentis.

89 1857 154 1916 Aut
168 1856 249 1917 haee
262 1846 424 1936 inquisitio
438 1856 530 1920 nobis
547 1856 797 1935 oo(m)mittetur‚

91 1965 148 2026 aut
161 1961 196 2024 in
209 1980 269 2026 nos
282 1962 412 2026 infamia
426 1966 495 2027 tota
508 1967 724 2028 convertetur.

92 2072 247 2132 annuunt
259 2070 397 2150 episcopi
412 2099 420 2134 ι
436 2088 511 2138 nam
525 2071 658 2154 quisque
671 2073 811 2150 veretur,

92 2175 125 2238 ni
140 2177 310 2254 tavere[n]t
321 2177 499 2262 Fratribus,
514 2177 601 2262 quod
614 2176 810 2240 actitaretur.

93 2309 293 2390 inquirentes
306 2309 404 2390 igitur
414 2311 517 2391 primo
531 2310 720 2374 elericorum

93 2418 134 2480 de
147 2416 213 2481 vita
225 2419 258 2479 et
270 2417 427 2498 moribus,
444 2418 610 2498 posthaec
621 2415 794 2495 laieorum3

92 2525 239 2592 scribunt
251 2527 375 2592 Fratres
389 2524 523 2592 divitum
533 2526 662 2608 peraeta
673 2540 817 2602 reorum,
945 2605 951 2616 ι
1015 2577 1018 2584 .

93 2635 126 2694 et
137 2649 205 2696 non
217 2635 331 2695 curant
343 2632 480 2698 seribere
491 2633 602 2716 culpas
618 2647 804 2716 egenorum.

94 2765 215 2829 Dehinc
228 2784 320 2829 reum
332 2770 512 2832 convocant
524 2769 574 2848 et,
591 2767 683 2830 turba
695 2767 828 2846 remota,

92 2872 230 2938 dicunte
246 2875 309 2937 tsta
320 2873 454 2939 erimina
466 2876 542 2936 sunt
553 2872 608 2935 tibi
622 2875 766 2954 objecta3

93 2997 179 3059 pone
192 2979 288 3042 libras
301 2979 483 3060 quindecim
496 2979 529 3042 in
544 2982 653 3043 nostra
668 2980 821 3060 collecta,

95 3091 128 3154 et
142 3089 199 3154 tua
212 3085 330 3168 flagitia
344 3105 409 3154 non
423 3089 518 3152 erunt
531 3086 668 3152 detecte.

97 3225 182 3286 Deus
190 3221 223 3299 (l.
231 3223 327 3294 Reus)
336 3218 392 3281 dat
400 3217 560 3300 denarios,
568 3220 693 3282 Fratres
704 3217 857 3297 seriptum
865 3218 1005 3281 reddunt
1015 3219 1050 3294 (l.
1062 3232 1119 3278 ra-

98 3328 142 3391 sit
155 3328 188 3406 (l.
200 3325 257 3400 sio)
267 3325 401 3390 infames
413 3324 540 3406 plurimi
552 3342 609 3405 per
619 3327 791 3401 nunnmtos
805 3324 946 3388 evadunt
960 3353 968 3386 ι
992 3325 1117 3405 [dunt);

99 3433 155 3516 qui
168 3451 235 3498 non
245 3434 279 3508 (l.
294 3435 396 3495 totam
405 3436 430 3508 t)
441 3430 609 3512 pecuniam
623 3449 719 3518 quam
732 3433 861 3516 petunt,
874 3449 939 3500 non
953 3431 1096 3510 tradunt⁷

100 3541 195 3604 simul
206 3539 264 3618 (in)
278 3538 441 3606 infamiam
452 3541 485 3601 et
498 3538 531 3604 in
542 3555 678 3624 poenam
691 3537 821 3606 cadunt.

99 3677 175 3742 Post
186 3675 268 3741 haee
280 3672 515 3754 eoepiscopus,
529 3671 634 3736 bursis
648 3671 693 3734 sic
702 3671 848 3772 repletis,

99 3783 296 3847 revertentes
307 3778 477 3860 inquiunt:
493 3779 637 3850 Gaudere
651 3778 793 3859 debetis3
921 3789 927 3796 ·

38 3987 64 4042 (1)
84 3987 182 4040 Liarm
204 3997 232 4031 oo
253 3987 273 4029 te
293 3991 425 4032 retrouvera
441 3985 491 4042 plus
507 3985 548 4030 bas
582 3984 664 4030 edition
676 3985 703 4028 de
714 3984 743 4027 du
755 3983 830 4039 Gange
843 3981 951 4027 nedonue
964 3993 1009 4038 que
1021 3978 1116 4026 Biston,

15 4057 64 4092 aveo
83 4049 103 4093 ta
122 4053 197 4094 uno
215 4047 362 4103 signification
380 4059 386 4091 τ
406 4048 427 4092 ta
447 4047 548 4092 mosetto
