2676 4968
701 481 866 536 -390—

322 622 337 658 u
352 599 508 680 Principio
521 603 629 664 nullus
642 602 747 666 servili
759 569 944 666 conditioni·

361 706 508 770 subditus
521 710 587 790 est,
602 710 706 772 omnis
716 714 795 774 tune
808 711 906 775 homo
920 712 998 774 liber
1011 716 1100 792 erat,

321 811 378 874 sed
390 812 464 893 quie
477 813 709 894 primus'homo
722 815 866 896 peccavit
878 817 1144 896 transgrediendo
1159 867 1168 899 ,

360 919 481 999 peccati
495 938 617 1000 poenae
628 922 776 984 subditur
788 923 891 985 omnis
904 923 1013 985 home.

321 1026 409 1090 Unde
423 1043 534 1090 recens
545 1031 658 1111 natus,
672 1028 698 1090 si
710 1027 796 1093 vivat
809 1032 904 1092 nocte
917 1031 966 1094 vel
981 1047 1066 1110 uua,

360 1134 451 1216 primi
465 1135 588 1215 peccati
601 1136 696 1200 sorde
708 1153 769 1199 nec
783 1137 849 1217 ipse
863 1139 906 1218 (1)
919 1141 1007 1201 caret
1021 1186 1029 1219 ,

321 1244 371 1326 st,
385 1242 446 1305 nisi
457 1244 631 1306 mundetur
643 1243 726 1307 seori
739 1245 938 1324 baptismatis
951 1246 1058 1327 unda,

361 1365 486 1431 semper
498 1350 527 1412 ei
538 1351 618 1414 coeli
629 1354 728 1432 jenua
741 1354 851 1416 clausa
862 1357 981 1416 manet.

320 1459 386 1520 Hoc
399 1474 526 1537 quoque
539 1458 702 1522 mundetis
715 1459 926 1540 transgressio
938 1460 1074 1523 contulit
1085 1458 1138 1522 ille
1152 1507 1160 1540 ,

362 1561 450 1642 quod
462 1580 610 1646 peceare,
624 1565 717 1646 mori,
732 1582 828 1628 nemo
841 1583 950 1630 carere
960 1569 1082 1648 potest,

320 1666 396 1750 Qui,
414 1667 475 1732 nisi
488 1672 667 1752 peccasset,
681 1670 838 1750 potuisset
851 1675 988 1754 utroque
1001 1689 1111 1735 cerere
1124 1719 1132 1752 ,

363 1779 396 1839 et
406 1777 504 1840 modo
516 1778 576 1840 sub
587 1781 703 1842 neutro
716 1779 885 1859 posteritas
897 1782 1038 1860 gemeret
1050 1807 1058 1862 3

321 1882 383 1946 Sed
395 1885 454 1946 sub
469 1887 606 1964 utroque
620 1886 735 1966 gemit,
750 1889 783 1949 et
795 1887 882 1949 Cheu
895 1887 929 1965 (l.
942 1887 1052 1961 Chum)
1065 1884 1265 1948 contraxitah
1274 1882 1315 1943 illc

360 1990 447 2069 quod
461 1991 577 2070 legitur
591 1992 715 2054 nudum
728 2010 794 2054 nou
809 1991 947 2054 tacuisse
960 1995 1094 2071 petrem.

321 2095 382 2160 Sed
392 2095 467 2176 quie
481 2098 615 2161 fortusse
630 2097 778 2161 dominae
791 2116 857 2162 uon
870 2097 959 2162 venit
968 2098 1011 2160 cd
1021 2115 1115 2160 aures
1128 2145 1136 2179 ,

362 2219 427 2265 non
441 2220 514 2266 reor
528 2205 696 2286 indignum
708 2205 733 2267 si
748 2207 904 2268 reseretur
916 2206 961 2282 (2)
974 2204 1014 2266 ei.

322 2317 400 2398 Cum
413 2354 515 2417 genus
529 2340 706 2403 humanum
718 2345 801 2404 Deus
814 2341 855 2403 ob
867 2342 997 2420 peccata
1012 2341 1071 2401 suh
1085 2338 1180 2401 undis

362 2446 515 2529 delesset,
530 2449 606 2512 solis
620 2453 694 2513 octo
706 2447 941 2529 superstitibus,

322 2557 524 2621 Obdormisse
537 2560 602 2619 Noe
613 2556 748 2637 legitur,
763 2557 888 2619 detecta
902 2553 1052 2635 pudenda

363 2667 433 2744 ejus
445 2666 557 2745 erent,
576 2663 655 2726 vidit
667 2664 767 2726 cham
777 2662 845 2725 sine
858 2664 948 2726 veste
960 2663 1105 2742 petrem,
1134 2657 1140 2666 “

324 2769 441 2832 Detulit
457 2769 499 2832 ed
512 2771 648 2851 fratres3
664 2770 778 2831 fratres
790 2768 936 2849 doluere,
951 2767 1108 2849 pudorem

365 2876 463 2956 patris
477 2879 649 2968 texerunt:
666 2878 742 2938 noto
756 2877 846 2939 tuere
859 2874 962 2956 patri,

325 2981 384 3058 Qui
397 2981 620 3064 contristatus,
636 2984 733 3046 cuam
747 2981 914 3061 supposuit
926 2978 1097 3043 maledicto
1111 3029 1120 3061 ,

365 3090 399 3150 et
410 3105 535 3169 semper
549 3105 676 3152 servum
689 3087 840 3150 fratribus
853 3086 1001 3149 instituit.

325 3201 371 3259 Ex
384 3196 447 3259 hoc
458 3194 542 3275 cepit
552 3195 649 3259 homo
663 3211 777 3258 causas
790 3193 912 3257 homini
927 3192 1112 3256 dominandi
1126 3219 1134 3272 3

365 3320 406 3365 ex
418 3304 480 3366 hoc
499 3301 621 3365 servilis
634 3299 769 3381 sumpsit
782 3299 873 3380 origo
888 3302 1008 3380 caput(
1032 3305 1052 3374 ).

326 3410 386 3473 Sed
396 3409 471 3490 quia
484 3407 626 3488 peccavit
638 3410 736 3471 Cham
749 3409 798 3472 vel
813 3409 973 3471 maneam
986 3405 1083 3469 modo
1098 3404 1215 3486 servit,

366 3515 420 3596 qui
433 3515 577 3596 sequitur
589 3517 716 3597 Japhet,
731 3517 803 3580 Sem
816 3532 945 3595 quoque
957 3513 1038 3576 liber
1051 3512 1112 3575 erit
1125 3525 1145 3575 ι’

325 3628 421 3702 Nam,
436 3623 461 3684 si
474 3623 545 3702 quis
558 3627 687 3705 peccat,
701 3621 823 3703 peccati
836 3639 947 3687 servus
961 3621 1111 3701 habetur,

365 3747 446 3810 eque
457 3734 522 3792 Deo
534 3733 630 3792 natus
645 3729 777 3793 crimina
789 3732 906 3793 cuncto
921 3729 1025 3809 fugit,

326 3838 393 3898 Nou
404 3835 584 3916 peccando,
599 3834 653 3898 Dei
664 3835 732 3914 iam
742 3835 826 3898 tilius
838 3852 907 3898 esse
919 3836 1056 3898 docetur

257 4086 287 4128 u>
302 4077 344 4123 Ille
359 4080 414 4124 daus
429 4079 456 4123 B.
830 4081 860 4124 (5)
875 4077 893 4120 ΙΙ
907 4091 921 4133 y
933 4077 1012 4122 adens
1024 4076 1059 4121 B:
1320 4103 1321 4130 ,

256 4145 285 4190 (2)
299 4139 427 4186 Reserotur
441 4141 496 4186 dunt
505 4143 530 4186 B.
871 4159 894 4182 ex
903 4152 939 4184 hoe
948 4151 1015 4184 servile
1025 4149 1106 4192 sumpsit
1116 4149 1184 4184 urbm
1193 4149 1250 4190 aput.
1320 4139 1321 4194 i
