2676 4968
470 387 636 444 ..333-

92 505 139 570 Sic
154 505 360 570 antichristos
373 507 489 572 vermis
502 511 557 590 qui
572 529 637 574 non
649 511 805 574 morietur

129 614 237 696 rodet,
255 617 288 676 et
300 616 417 678 lnlerni
431 617 559 680 &mma
571 618 697 682 vorabit
709 635 776 682 eos.

91 718 216 783 Talibus
228 721 382 802 exemplis
395 725 445 784 sta
458 722 587 805 firmus,
601 741 678 786 oum
690 727 774 787 mata
783 725 879 805 justis

127 830 177 892 vel
189 828 275 891 bona
289 847 355 893 non
366 830 463 910 justis
476 847 571 911 saepe
584 831 694 896 venire
706 831 817 896 vides:

21 957 23 959 ·
89 939 183 1016 Nam,
198 935 287 1015 quod
301 935 341 998 de
354 935 490 999 Domino
503 939 640 1000 testatur
654 937 760 1001 Lectio
775 955 885 1019 mera,

125 1040 282 1122 judicium
292 1042 388 1123 justis
400 1046 510 1106 exeret
523 1043 576 1108 bio
589 1044 724 1125 patiens.

88 1149 180 1224 Quod
198 1149 273 1229 quia
287 1151 485 1231 tangendum
497 1151 602 1216 visum
615 1151 678 1214 ruit
689 1153 786 1234 utile,
801 1155 912 1217 noster

129 1258 179 1319 est
191 1255 390 1320 intermissus
402 1257 444 1320 ad
455 1258 617 1321 modicum
630 1260 822 1323 ltacbomes.

88 1388 142 1451 His
156 1387 360 1470 intermissis,
380 1389 551 1452 redeuntes
564 1389 606 1452 ad
619 1393 866 1473 blachometem,

128 1497 239 1558 texere
252 1495 452 1576 propositum
459 1498 528 1576 J'am
541 1500 726 1578 satagamus
740 1515 831 1579 opus.

87 1607 224 1683 Tempus
234 1601 326 1665 adest
336 1620 400 1683 quo
411 1606 558 1666 mortuus
569 1607 619 1666 est
632 1604 782 1668 dominus
793 1605 999 1669 blachometis
1012 1653 1021 1685 ,

125 1711 160 1770 et
174 1707 243 1770 sine
255 1709 344 1788 prole
360 1711 469 1771 manet
482 1725 566 1771 uxor
575 1711 639 1790 (l),
655 1713 687 1772 et
700 1691 821 1792 absque
833 1712 921 1793 viru,

84 1815 149 1878 Sed
161 1815 245 1878 sicut
258 1813 387 1878 domino
401 1817 580 1879 blechemes
594 1817 655 1880 luit
664 1820 739 1881 ante
753 1819 874 1901 fidelis,

125 1920 172 1984 sic
184 1919 281 1983 etiam
293 1919 441 1984 dominae
452 1921 599 1985 subditur
610 1923 761 2004 imperiis.

86 2026 193 2092 Servit
205 2025 247 2107 ei,
260 2026 316 2088 dat
328 2025 509 2109 consilium,
523 2033 676 2109 procurat
687 2031 812 2110 agenda
825 2079 833 2114 ‚

126 2136 201 2215 plus
212 2133 305 2197 solito
317 2127 469 2198 'dominae
482 2135 703 2215 multiplicavit
713 2155 801 2219 opes.

85 2243 261 2321 Postquam
271 2243 345 2321 post
358 2241 478 2303 domini
495 2241 661 2305 decessum
672 2245 800 2307 transiit
813 2263 937 2327 annus,

128 2345 271 2428 disponit
279 2346 408 2426 juvenis
423 2347 543 2409 nubere
553 2350 621 2427 jam
636 2349 764 2412 domina
779 2375 787 2431 3

83 2457 282 2534 secretoque
294 2469 414 2517 vocans
432 2453 662 2517 blachometem
676 2459 835 2537 tempore,
849 2456 944 2521 dicit:

127 2585 145 2620 «
161 2563 237 2624 Sum
244 2557 385 2640 juvenis,
397 2575 478 2622 sexu
493 2559 623 2642 femina,
637 2579 690 2625 res
704 2561 824 2643 fragilis
836 2589 845 2644 ς

82 2666 241 2730 possideo
254 2681 374 2746 servos,
389 2665 532 2747 ancillas,
547 2667 689 2750 praedia,
702 2667 812 2752 villas3

126 2776 207 2837 sunt
218 2773 347 2836 castella
361 2771 451 2855 mibi,
466 2777 543 2837 sunt
552 2775 649 2839 etiam
662 2795 832 2858 proceres;

82 2879 306 2945 Sumviduata
316 2879 398 2960 viro,
411 2879 496 2943 natis
508 2884 540 2943 et
554 2884 690 2962 utroque
700 2883 823 2963 parenti
837 2913 845 2964 3

126 2989 245 3067 ignoro
259 3003 389 3067 prorsus
402 2985 539 3067 qualiter
552 2985 612 3050 ista
631 3005 741 3068 regam
760 2994 770 3070 (
792 2995 813 3067 ).

81 3099 174 3172 Ergo
186 3097 234 3175 tu,
248 3092 303 3174 qui
317 3091 449 3155 consilio
464 3093 580 3155 callere
592 3094 754 3176 probaris,

125 3199 361 3282 praemeditare
371 3197 449 3262 mibi
462 3216 545 3279 quae
560 3199 706 3263 iacienda
718 3203 843 3282 probes.

78 3309 170 3374 Utile
183 3306 351 3370 eonsilium
365 3323 445 3386 rogo
458 3305 627 3386 provideas
639 3311 672 3370 et
684 3308 856 3372 honestum
869 3338 878 3392 ς

124 3431 295 3495 nunquam
308 3413 405 3477 laude
417 3418 528 3478 carent
541 3416 621 3478 baec
634 3416 698 3479 duo
709 3419 822 3498 juncta
838 3417 953 3495 simm(
978 3425 998 3496 ).

14 3639 34 3680 t)
50 3631 199 3680 Vincentius
211 3631 238 3676 da
250 3631 362 3676 beauvais
372 3627 483 3686 t'appeteit
495 3626 538 3672 Go-
572 3620 605 3664 ¹0³
616 3621 719 3692 mflttwst
732 3625 755 3664 at
766 3621 855 3694 thccue
869 3619 954 3694 βζόῐὸῐο
966 3621 1115 3694 Ιᾮτῑοβημὴο

12 3709 51 3752 71„-
69 3697 106 3741 les
125 3693 280 3738 orientattsoes
297 3693 397 3738 activum
413 3690 537 3736 ordinaire.
573 3687 749 3739 approximante
764 3695 802 3754 qur
811 3683 907 3728 satisfuit
917 3683 938 3728 ie
947 3695 1019 3730 meina
1028 3697 1115 3742 nnpar-

12 3765 37 3804 ot
49 3753 196 3812 enaddan,
209 3753 343 3810 Kbudtpitn
355 3763 384 3798 ou
396 3751 537 3806 Ktodidjo:
573 3741 689 3788 tellement
699 3755 738 3787 son
747 3743 831 3788 oretite.

13 3828 36 3865 ¹tu
55 3817 174 3864 derniere
195 3815 267 3860 torma
287 3826 343 3860 nous
362 3813 445 3860 semble
463 3813 538 3886 preit-
598 3843 628 3884 (3)
644 3837 729 3885 amm
736 3841 792 3884 dm
801 3841 828 3885 B·

13 3882 51 3937 tle;
71 3881 140 3925 mais
161 3877 273 3922 t'toriture
292 3877 331 3922 des
349 3877 442 3932 langues
462 3887 537 3920 orreu-

13 3957 43 3999 rs,
54 3955 121 3988 avec
134 3940 178 3984 des
192 3939 319 3985 caracteres
330 3938 469 3994 europeens,
482 3937 538 3992 pre·
601 3937 630 3980 (st
644 3936 766 3980 Perat-ttae
780 3937 922 3991 meoque-til
941 3937 970 3982 ici
992 3938 1050 3983 deux
1065 3951 1115 3984 vera

13 4011 52 4060 rte,
64 4013 169 4050 comme
179 4013 209 4045 on
220 4001 276 4056 sair,
287 3999 429 4046 d’insolubles
439 3997 539 4043 dtlbeut-
574 3997 602 4042 ob
618 3997 727 4052 Kbadidja
745 3996 826 4052 parlait
841 4009 869 4042 en
884 4003 966 4044 termes
979 4000 1029 4056 plut
1047 4000 1116 4046 elatas

17 4099 24 4124 ,
37 4067 150 4124 puisque
165 4063 197 4107 les
211 4074 263 4108 sons
277 4060 380 4119 primitiis
391 4073 419 4105 ne
433 4066 484 4105 sont
497 4071 538 4116 pus
574 4061 601 4103 tte
612 4071 652 4103 son
662 4059 769 4104 intention
780 4059 843 4104 dese
855 4060 946 4105 marien
