2672 4968
673 445 713 454 —-
728 415 836 469 266-

488 551 530 600 ne
544 537 730 600 sordescant
746 536 873 597 saecula

489 643 600 707 talium
611 641 774 706 memoria.

524 910 680 972 Autresctr
691 904 925 986 tementcsujet(
947 905 968 980 ).

485 1132 567 1194 Proh
578 1131 685 1194 dolor!
701 1123 819 1193 Ducem
829 1126 1013 1208 Flandriae,

481 1239 517 1299 at
530 1237 731 1300 defensorem
744 1234 921 1315 Ecclesiae,

484 1344 605 1406 bonum
617 1346 756 1406 tutorem
769 1341 890 1422 patriae

483 1452 516 1510 et
529 1451 684 1513 cultorem
696 1449 855 1530 justitiae,

482 1583 682 1648 Traditorum
696 1583 853 1664 versutia,

481 1690 651 1770 impiorum
663 1691 820 1773 nequitia,

481 1798 574 1876 piena
589 1798 677 1877 gravi
689 1798 809 1864 invidia
824 1847 832 1881 ,

454 1907 458 1922 ‘
481 1904 615 1983 peremit
628 1922 686 1984 pro
697 1900 836 1985 justitia.

480 2038 505 2098 0
519 2035 629 2099 infelix
642 2038 788 2101 Flandria
801 2039 861 2119 (2)!

479 2144 505 2205 Ο
518 2143 674 2226 erudelis,
689 2146 709 2206 ὀ
722 2145 817 2225 impia
830 2145 837 2206 !

479 2252 566 2324 Quae
578 2253 609 2313 te
622 2251 706 2330 cepit
719 2251 898 2317 dementia?

479 2360 568 2430 Quae
579 2375 728 2437 perversa
744 2356 903 2442 nequitia,

477 2485 519 2552 Ut
531 2489 646 2552 ducem
659 2492 751 2554 tuum
764 2509 945 2575 sperneres,

478 2598 613 2658 mortem
626 2595 710 2659 iltius
723 2615 893 2678 quaereres

478 2705 512 2763 et
524 2703 655 2782 laqueos
669 2707 914 2790 praetenderes,

476 2811 690 2887 protectorem
703 2811 899 2891 perimeres?

478 2943 524 3002 Tu
538 2959 594 3020 per
607 2961 681 3006 eum
695 2945 873 3028 florueras,

478 3049 511 3108 et
525 3047 674 3112 decorem
685 3050 857 3136 indueras,

475 3154 647 3233 primatum
660 3158 865 3244 obtinueras,

473 3251 581 3323 multis
594 3254 626 3336 (lt
639 3261 770 3338 multos)
783 3261 906 3329 honore
920 3286 1082 3348 praeeras.

476 3394 554 3477 Sed,
568 3397 641 3476 quia
657 3400 813 3465 iornIcata
828 3421 881 3486 es,

473 3502 721 3580 praevaricatrix
733 3509 818 3571 tacta
830 3527 881 3593 es,

209 3743 238 3798 (i)
252 3742 293 3787 Les
303 3743 357 3788 trois
368 3750 444 3790 autres
453 3747 616 3802 preccsomete
627 3753 726 3808 publices
761 3757 781 3802 te
793 3759 896 3815 rhythmo
908 3763 970 3808 astte
984 3767 1074 3810 meme:
1089 3763 1142 3809 elles
1153 3768 1234 3808 somer
1242 3770 1286 3814 qut·

178 3800 238 3847 tians
255 3805 387 3861 Moeteana,
403 3805 556 3865 Amplissima
572 3810 690 3867 collectio,
708 3820 726 3859 t.
762 3821 832 3865 traim
846 3824 992 3881 morosiores,
1006 3825 1059 3872 dont
1071 3818 1280 3883 chaqucugneahui
1306 3853 1307 3856 ,

78 3874 81 3882 r
182 3856 727 3932 vl,cot.raas-arasetusnsl’sctaSanctorum,
762 3881 868 3938 spitabes.

504 3932 509 3944 ⁸
1306 3925 1307 3956 i

180 3929 727 4053 ttttt¹nttttti¹stttttttttt
789 3970 818 4026 (Ξ)
835 3969 854 4015 ¹¹
865 3984 964 4031 aaran
975 3983 1019 4020 une
1036 3975 1148 4031 uuor
1166 3978 1221 4019 aa
1232 3969 1284 4025 ur·
1306 3983 1307 4014 r

182 4043 250 4096 initos
262 4051 275 4099 t
287 4046 410 4100 {imitation
423 4055 455 4102 tes
464 4059 570 4105 unes-des
584 4067 673 4116 autres,
688 4074 728 4108 ear
763 4035 875 4088 mmm
885 4036 921 4078 ω·
