2676 4968
693 396 857 456 ..up-

471 521 634 586 Placemus
645 519 748 603 ipsum
761 522 925 604 laudibus,

469 646 565 708 quem
577 628 738 694 irritamus
750 630 894 696 autibus!
971 673 974 682 .

408 739 532 809 Quanta
546 736 652 800 laudis
663 737 706 800 sit
720 736 895 802 immolatio

407 859 467 906 nos
481 844 677 907 Psalmorum
689 844 784 908 docet
794 841 975 907 instructio.

466 975 513 1040 sit
524 995 636 1058 perpes
652 981 717 1042 Dee
731 977 849 1059 gloria,
864 978 926 1040 ete.

745 1248 793 1308 Vi.

466 1463 628 1524 Ornarunt
638 1463 756 1523 terram
771 1459 933 1540 germina,

464 1585 551 1630 nune
565 1567 691 1631 eoelum
704 1565 873 1630 luminaria
885 1592 895 1648 3

404 1674 489 1756 sole,
504 1675 601 1755 luna,
616 1673 715 1738 stellis
734 1671 927 1754 depingitur,

404 1797 543 1860 quorum
557 1782 676 1845 multus
690 1797 768 1844 usus
779 1779 994 1861 eognoseitur.

465 1918 581 1977 Lucem
594 1913 791 1995 distingunt,
807 1917 950 1994 tempora

463 2023 540 2083 sunt
552 2020 586 2083 in
599 2019 693 2101 signa
709 2021 884 2084 certissima
897 2046 906 2102 3

403 2130 519 2189 cuneta
534 2129 601 2190 fere
614 2130 773 2191 terrarum
786 2128 954 2191 commoda

403 2234 603 2312 planetarum
616 2233 778 2298 ministrat
788 2232 931 2316 physica.

463 2372 546 2431 Haec
559 2385 687 2450 quaque
699 2370 790 2448 parte
803 2365 934 2432 condita

462 2490 606 2556 sursum,
620 2477 740 2556 Homo,
755 2471 944 2554 eunsidera,

403 2597 473 2642 esse
486 2586 576 2646 tuam
588 2581 715 2646 steneli
729 2581 819 2661 regio

361 2688 364 2693 ’
402 2708 437 2753 se
451 2693 571 2755 fatetur
583 2692 699 2755 horum
711 2687 852 2754 servitio.

464 2825 536 2888 Sole
549 2825 633 2887 calet
644 2822 678 2885 in
691 2823 796 2888 hieme

461 2929 516 3011 qui
529 2931 618 2992 caret
630 2926 714 3009 ignis
727 2943 880 3009 munere,

401 3056 460 3118 pro
473 3040 652 3101 noeturnae
664 3038 814 3100 lucernae
827 3033 930 3116 gratia

401 3161 521 3224 pauper
533 3143 631 3205 habet
642 3142 754 3206 lunam
766 3143 800 3204 et
811 3139 927 3204 sidera.

460 3275 572 3341 Stratis
585 3276 674 3340 dives
685 3274 851 3354 eburneis,

459 3399 580 3462 pauper
589 3383 676 3462 jacet
690 3377 861 3461 gramineis
875 3405 885 3460 ς

400 3490 475 3552 hinc
488 3487 595 3552 avium
609 3488 772 3551 oblectant
784 3485 929 3566 cantica,

400 3595 476 3658 inde
488 3596 605 3658 florum
618 3594 719 3676 spirat
732 3593 912 3674 flagrantia.

460 3727 629 3811 impensis,
643 3726 750 3810 nives,
765 3726 872 3791 nimiis

460 3836 592 3898 domum
604 3852 752 3899 casuram
764 3833 924 3898 construis
934 3861 944 3916 5

399 3943 479 4005 falso
493 3942 560 4005 sole
572 3941 676 4023 pingis
693 3939 908 4022 testudinem,

399 4048 485 4114 falsis
499 4049 596 4114 stellis
610 4049 643 4113 in
656 4047 736 4114 coeli
748 4048 895 4130 speeiem.
