2662 4968
694 483 849 538 ...100-

488 615 586 690 Super
599 623 727 688 capram
739 605 829 668 sedet
841 605 956 682 Nubel⁷

488 716 621 778 colonus
634 714 666 773 et
678 709 727 776 vir
738 708 852 788 Belial,

487 818 541 899 qui
553 819 612 880 suh
625 815 733 878 multis
746 812 928 876 tonsoribus

488 921 596 984 multis
610 923 659 982 est
671 935 749 981 usus
763 915 935 997 gregibus(
958 920 980 989 ).

490 1055 528 1114 Et
540 1068 635 1130 super
648 1065 761 1112 currus
774 1046 910 1110 Absalon

490 1155 633 1220 nondum
646 1171 704 1215 rex
717 1154 820 1215 sactus
835 1150 868 1212 in
881 1148 960 1212 Gion
974 1153 983 1224 (
1008 1151 1035 1227 ),

489 1262 544 1342 qni
558 1277 730 1340 suspensus
744 1260 793 1320 est
806 1257 946 1320 crinibus

492 1369 672 1431 condensae
685 1382 822 1445 quercus
836 1361 1012 1426 frondibus.

490 1499 589 1563 David
600 1495 833 1562 fundibularius

491 1601 524 1659 et
537 1616 594 1660 rex
604 1596 860 1660 bellicosissimus

492 1706 581 1767 sedet
596 1722 691 1790 super
703 1702 932 1779 monticulum,

494 1829 589 1876 suum
603 1813 714 1872 tenens
727 1805 921 1888 psalterium.

493 1944 531 2005 nt
544 1955 641 2018 super
653 1937 773 2000 mulam
785 1934 933 1999 Salomon

492 2043 582 2105 sedet
594 2042 737 2102 sacratus
750 2038 784 2100 in
797 2037 893 2115 Gion‚

493 2147 547 2229 qui
561 2147 717 2209 ferculum
731 2139 909 2222 composuit

493 2252 610 2332 Deique
621 2250 775 2328 templum
788 2242 941 2308 condidit.

493 2382 531 2441 nt
544 2395 639 2458 super
649 2379 766 2456 jugum
779 2375 921 2437 Roboam

495 2487 599 2548 ferens
613 2485 751 2545 srontem
765 2479 985 2556 durissimam,

495 2589 550 2670 qui
565 2587 709 2668 despexit
721 2584 912 2649 Jheroboem

497 2695 626 2775 dignam
637 2696 804 2773 rogantem
815 2690 952 2754 veniam.

497 2822 687 2902 O(cihozias‚
702 2839 760 2883 rex
773 2820 908 2898 Israhel,

499 2930 532 2991 in
546 2927 694 2991 cancellis
707 2927 827 2988 fractus
840 2924 946 3002 sedet,

499 3033 554 3113 qui
567 3049 675 3111 regem
689 3032 722 3106 (l.
734 3032 882 3108 regnum)
891 3025 971 3088 coeli
980 3024 1117 3105 perdidit

503 3140 580 3201 dum
591 3133 792 3212 Be[e]lzebub
806 3129 984 3210 consuluit(
1006 3134 1026 3204 ).

504 3273 542 3330 Et
554 3285 648 3347 super
665 3264 762 3345 pelles
776 3259 903 3340 fragiles

504 3372 593 3435 sedet
606 3369 709 3432 Helias
722 3365 900 3445 Thesbites,

504 3476 558 3557 qui
572 3475 611 3537 de
625 3471 704 3536 coeli
719 3467 883 3534 cacumine

262 3673 291 3729 (t)
303 3669 385 3718 Nubat,
401 3667 454 3711 dont
475 3663 495 3707 le
509 3672 560 3704 nom
580 3655 667 3713 signifie
684 3667 712 3699 en
731 3654 774 3698 he'-
811 3651 917 3708 prophtte
929 3651 1033 3701 Nathan
1048 3649 1113 3704 Rois,
1123 3651 1138 3692 Ι.
1152 3661 1191 3703 rn,
1200 3649 1239 3692 ch.
1253 3655 1273 3702 ί,
1284 3659 1304 3689 v.

234 3737 291 3782 bren
308 3730 415 3782 incense,
439 3725 516 3771 retusa
533 3723 546 3766 d
565 3719 649 3773 David,
666 3717 775 3761 souffmnt
811 3715 841 3758 Le
861 3720 918 3758 mort
938 3712 1056 3758 d'Abselon
1075 3716 1109 3756 eet
1129 3713 1241 3756 recontee
1258 3710 1310 3753 dans

235 3799 263 3842 de
272 3797 293 3840 ln
303 3795 371 3845 inim.
383 3803 427 3836 une
436 3787 508 3846 partie
520 3786 558 3829 des
566 3782 641 3826 vivres
650 3779 703 3836 qu'il
714 3777 776 3822 nvait
811 3775 825 3820 Ι.
839 3789 856 3820 ιι
867 3776 906 3820 des
919 3774 989 3827 Rois,
1003 3775 1039 3819 ch.
1050 3777 1088 3826 18,
1102 3785 1125 3816 v.
1135 3778 1156 3818 9.

236 3860 276 3905 nn
290 3857 462 3915 preparemur
484 3859 540 3893 ceux
558 3843 597 3900 (1¹¹⁵
616 3839 776 3886 ceninenses
839 3858 871 3912 (u
896 3855 1005 3902 ochozias
1026 3856 1089 3900 eunt
1102 3853 1178 3898 umbe
1191 3853 1221 3898 ue
1242 3853 1263 3896 u
1281 3851 1313 3908 pu

236 3929 376 3977 troupefflt
399 3913 464 3964 ¹¹04&
485 3911 500 3954 ¹·
520 3922 542 3962 ¹2
562 3905 597 3949 “h·
618 3908 660 3958 ⁹⁵5²
679 3916 701 3946 V·
720 3905 744 3956 ⁴²
763 3905 775 3944 ⁷
812 3921 882 3966 forme
895 3920 922 3963 de
940 3930 965 3962 sa
982 3919 1079 3971 maison,
1097 3928 1186 3972 envoyu
1205 3914 1315 3961 consumes

237 3989 259 4030 et
273 3988 306 4027 n.
812 3983 869 4026 Dieu
884 3981 1022 4034 d'Aocoron,
1035 3979 1167 4033 Beelzebut,
1181 3991 1241 4034 pour
1252 3976 1321 4022 seron

266 4063 294 4120 (2)
307 4061 364 4110 Gion
382 4068 411 4100 ou
426 4053 497 4098 Gihou
511 4045 567 4092 dteit
584 4057 629 4090 une
647 4044 746 4088 tontnine
763 4041 777 4086 e
813 4045 827 4088 u
839 4043 945 4099 guerirnit
959 4043 986 4086 de
998 4054 1023 4086 sn
1033 4043 1113 4096 cientem
1125 4046 1160 4095 et,
1176 4053 1206 4084 en
1218 4040 1315 4097 punition

160 4135 163 4142 ·
239 4123 354 4170 t’ocoident
376 4118 404 4162 de
423 4111 548 4158 Jerusalem
572 4107 600 4153 od
624 4106 725 4152 Salomon
745 4104 778 4148 tut
813 4117 853 4149 son
865 4105 948 4159 crime,
964 4105 979 4147 n
990 4115 1018 4148 en
1028 4108 1134 4158 mourut3
1148 4101 1216 4155 Rois,
1229 4105 1243 4146 ι.
1252 4114 1283 4152 iv,
1294 4101 1321 4142 ci.

239 4189 302 4232 saore'
322 4185 354 4227 roi
369 4191 409 4238 par
423 4180 443 4222 le
460 4174 621 4232 prend-preire
637 4171 708 4216 Sudoc
722 4176 744 4212 et
758 4170 778 4212 le
815 4182 836 4212 v.
848 4173 861 4211 ⁶2
872 4173 895 4211 et
905 4172 925 4212 4.
