2662 4968
471 452 635 506 -109—

267 571 334 634 Vita
347 572 475 653 mundi,
495 593 545 638 res
558 575 695 656 caduca,

264 678 355 741 vilior
367 697 432 740 una
444 681 565 742 festuca
576 728 583 759 ,

263 799 422 846 venenosa
436 783 506 861 plus
520 783 681 862 serpente,

263 903 320 948 cur
333 885 368 948 in
378 903 449 949 mea
462 903 572 949 manes
586 891 713 950 menie?

262 1035 330 1097 Vita
344 1036 474 1117 mundi,
488 1054 540 1100 res
553 1037 691 1118 maligna
705 1087 713 1120 ,

263 1144 297 1201 ut
313 1141 428 1204 ameris
441 1159 605 1222 nunquam
617 1143 732 1225 digna,

261 1244 339 1323 quid
350 1249 444 1324 putas
458 1246 514 1308 tibi
527 1249 696 1328 prodesse,

260 1348 349 1410 sime
364 1347 463 1412 ducas
477 1349 518 1412 ad
530 1366 596 1413 non
602 1355 699 1412 esse?

260 1507 328 1570 vita
342 1508 469 1589 mundi,
485 1527 535 1571 res
548 1508 701 1589 crudeliS,

260 1626 412 1689 arrogans
425 1614 458 1672 et
469 1610 622 1691 infidelis,

259 1709 479 1790 quidteputas
487 1713 529 1774 ad
537 1712 685 1792 iviiare(l.
693 1713 867 1795 adjuvare),

259 1815 285 1876 si
300 1817 469 1896 compellas
481 1835 533 1879 me
545 1823 701 1897 peceare?

257 1965 325 2027 vita
338 1966 467 2047 mundi,
481 1985 533 2030 res
548 1968 687 2049 misella,

257 2074 412 2135 scelerum
425 2077 614 2136 cunctorum
627 2077 723 2153 cella,

258 2176 443 2239 fornicatrix
457 2180 489 2238 ei
502 2195 615 2257 avara,

260 2297 317 2342 cur
330 2281 456 2344 haberis
470 2300 612 2362 unquam
624 2289 721 2346 cara?

257 2426 325 2488 vita
339 2427 466 2508 mundi,
482 2429 578 2507 pestis
589 2431 690 2512 dura,

256 2529 326 2593 vita
340 2533 479 2594 mendax
492 2536 525 2595 et
537 2538 681 2616 perjura,

257 2651 330 2697 curn
344 2639 380 2699 tu
394 2637 436 2699 sis
450 2637 519 2701 sine
532 2657 700 2720 mensura,

258 2759 315 2802 cur
325 2741 460 2822 requiris
474 2744 507 2805 in
520 2762 571 2807 me
580 2747 676 2824 jura?

256 2879 326 2941 Vita
339 2880 468 2962 mundi,
483 2899 534 2944 res
546 2884 659 2945 acerba
670 2931 680 2963 ,

257 2983 325 3046 Vita
336 2983 413 3047 levis
425 2987 457 3046 et
470 2986 622 3066 superba,

257 3104 331 3149 cum
342 3087 384 3150 sis
397 3087 491 3150 nimis
501 3087 672 3170 iracunda,

257 3208 314 3254 cur
327 3208 378 3252 me
391 3191 472 3271 petis
482 3192 675 3254 furibunda?

258 3329 327 3392 vita
337 3331 461 3413 mundi,
475 3347 526 3392 res
540 3329 682 3414 deserta,

256 3431 325 3494 Vita
338 3433 436 3494 fallax
451 3435 483 3494 et
494 3431 633 3513 incerta,

257 3555 330 3600 cum
343 3541 379 3601 tu
392 3537 435 3600 sis
447 3538 527 3601 cinis
541 3542 572 3600 et
585 3537 716 3619 vermis,

255 3646 332 3724 quid
345 3645 385 3708 de
398 3664 558 3728 quaquam
572 3645 733 3708 definiris?
821 3650 825 3657 ”

257 3784 326 3847 Vita
339 3785 466 3866 mundi,
482 3801 532 3848 res
546 3787 684 3866 polluta,

258 3891 402 3971 garrula,
417 3907 517 3973 vaga,
532 3891 654 3971 soluta,

256 4013 329 4058 cum
342 3996 384 4059 sis
398 3999 465 4058 tota
479 3998 571 4077 plena
585 3994 696 4075 nugis,

257 4106 368 4167 contra
382 4121 433 4164 me
445 4121 502 4166 cur
515 4103 611 4164 stulta
627 4103 737 4182 rugis?
