2698 4970
491 477 635 530 ..15-

161 597 223 660 Viri
236 597 452 680 dilectissimi,
468 599 650 662 sacerdotes
664 602 735 681 Dei,

118 719 294 783 praecones
308 702 451 767 altissimi
466 706 499 765 at
511 704 662 766 lucernae
675 707 745 787 Dei,

116 803 263 868 Caritatis
274 804 372 869 radiis
385 807 546 889 fulgentes
559 812 592 871 et
605 809 687 890 spei,

115 911 247 973 auribus
260 911 412 994 percipite
430 914 526 976 verba
540 912 605 976 oris
618 913 690 976 mei.

156 1037 220 1096 Vos
233 1051 321 1098 nuno
335 1033 368 1096 in
382 1035 516 1098 ecclesio
530 1039 595 1098 Deo
611 1035 791 1116 deservitis,

115 1156 199 1218 quos
212 1140 339 1204 vocavit
351 1140 498 1220 palmites
512 1142 655 1205 Christus
668 1159 763 1208 verae
776 1141 866 1222 vitis,

114 1249 231 1308 Cavete
245 1263 286 1308 ne
300 1246 423 1308 steriles
437 1264 498 1310 nec
512 1247 598 1310 avari
613 1247 701 1330 sitis,

116 1351 143 1414 si
158 1369 216 1414 vos
230 1350 342 1414 Christi
358 1351 464 1432 stipite
478 1353 583 1417 vivere
596 1352 716 1418 velitis!

157 1476 220 1534 Vos
233 1471 309 1534 estis
323 1472 355 1534 in
369 1471 451 1536 atrio
464 1474 563 1537 boves
573 1479 618 1550 (l)
631 1474 811 1558 titulantes,

117 1575 292 1656 prudenter
305 1593 325 1638 a
338 1576 438 1657 paleis
452 1595 553 1656 grana
567 1583 767 1662 separantes,

76 1749 80 1754 ,
117 1684 181 1742 Vos
195 1679 257 1743 hoc
270 1679 303 1743 in
317 1683 445 1762 speculo
459 1682 562 1762 legem
574 1682 628 1746 vix
642 1687 804 1766 amantes,

118 1779 204 1847 beati
219 1785 274 1866 qui
289 1803 354 1848 non
369 1786 498 1866 fragiles
511 1790 588 1849 sunt
600 1787 661 1850 u'ec
673 1787 870 1868 ignorantes.

160 1897 322 1977 Quidquid
331 1897 440 1960 vident
452 1898 523 1962 laici
537 1899 627 1962 vobis
640 1899 805 1980 displicere

120 2001 258 2064 credunt
271 2001 339 2064 sine
351 2001 448 2065 dubio
462 2001 521 2064 sibi
535 2021 600 2067 uon
613 2003 726 2084 licere,

120 2111 158 2169 Et
168 2106 325 2188 quidquid
338 2107 447 2170 vident
460 2126 518 2171 vos
532 2126 606 2172 cum
617 2126 716 2190 opere
729 2108 859 2190 implere

121 2211 258 2274 credunt
272 2228 341 2274 esse
354 2209 477 2274 licitum
494 2214 526 2273 et
539 2213 632 2292 culpa
646 2230 764 2276 carere.
835 2195 838 2202 ¹

161 2325 344 2388 Secundum
357 2325 568 2406 apostolicum
581 2330 624 2402 (2)
638 2327 745 2392 omnia
758 2331 890 2408 probate
904 2345 905 2349 ’

122 2433 155 2490 et
163 2431 255 2510 ,quod
268 2432 388 2493 honum
402 2431 497 2496 luerit
511 2431 591 2494 illud
603 2434 793 2515 approbate,

123 2540 200 2600 Date
212 2539 297 2601 bone
310 2537 481 2619 proximis,
496 2537 567 2602 illos
579 2541 612 2600 et
625 2542 748 2621 aurate,

123 2659 197 2704 curn
210 2640 337 2722 cepistis
351 2640 506 2723 gratiam,
521 2645 554 2704 et
566 2660 624 2706 vos
636 2643 736 2722 gratis
750 2645 833 2708 date.

161 2760 271 2820 Estote
284 2756 426 2837 pacifici,
441 2755 554 2836 sobrii,
569 2755 759 2836 prudentes,

120 2860 220 2941 casti,
234 2860 293 2942 pii,
308 2860 484 2941 simplices,
495 2860 591 2942 jmti,
611 2860 784 2942 patientes,

122 2964 315 3046 Hospitales,
328 2964 484 3046 humiles,
499 2964 644 3028 subditos
657 2966 825 3048 docentes,

123 3068 326 3131 consolantes
339 3068 488 3148 miseroS,
502 3085 618 3147 pravos
631 3069 837 3149 corrigentes.

164 3182 237 3245 Sitis
250 3181 451 3264 breviloquii,
466 3199 508 3244 ne
520 3199 578 3246 vos
590 3182 631 3242 ad
643 3185 767 3244 reatum

124 3285 476 3366 trahatmultiloquium
490 3288 523 3346 et
534 3286 667 3348 verbum
678 3285 870 3366 exaltatum,

121 3390 261 3452 Verbum
273 3389 361 3468 quod
371 3386 548 3469 proponitis
561 3387 603 3449 sit
616 3389 812 3450 abreviatum
827 3417 833 3448 ι

124 3512 200 3556 nam
213 3494 247 3556 iu
258 3491 458 3573 multiloquio
472 3510 538 3554 non
552 3492 642 3554 deest
654 3497 830 3571 peccatum.

164 3621 274 3680 Vestra
288 3613 488 3679 conversatio
502 3613 543 3676 sit
553 3613 718 3694 religiosa,

123 3722 246 3786 munda
261 3715 473 3800 conscientia,
487 3718 552 3782 vita
567 3721 749 3800 fructuosa,

29 3939 55 3992 (ll
72 3933 184 3980 Tilulura
199 3931 284 3989 signille
297 3931 324 3977 ici
335 3941 388 3975 suns
402 3931 468 3976 doute
484 3943 548 3975 rern-
584 3943 640 3987 pour
656 3931 729 3976 butue
740 3931 760 3976 le
771 3931 819 3987 ble;
834 3929 891 3976 dans
908 3933 1017 3989 quelques
1030 3933 1128 3979 endrdts
1215 3989 1218 3996 Ι

14 4000 43 4044 lir
57 4011 103 4044 une
118 3995 232 4050 owen,
246 4006 276 4039 en
288 3992 353 4038 avoir
367 3993 387 4037 la
400 3993 459 4036 titre
473 3998 495 4038 ot
508 4005 549 4050 pur
585 4006 613 4038 on
624 3993 664 4038 luit
672 4005 754 4039 encore
762 3992 832 4038 louler
839 3994 872 4038 les
882 3994 961 4050 gerbes
968 4007 1021 4040 sous
1027 3996 1059 4041 les
1067 3997 1127 4053 pleds

13 4063 58 4106 rite
79 4062 101 4104 la
118 4059 215 4114 charum
234 4067 305 4112 rupea
321 4055 352 4100 du
368 4053 454 4111 Gange,
471 4061 488 4098 t.
503 4055 550 4107 vl„
585 4055 624 4100 des
635 4056 745 4100 clievaux.

13 4157 18 4168 ·
35 4129 83 4176 ⁴97,
100 4123 144 4165 ⁰⁰¹·
154 4124 176 4163 ²·
190 4119 209 4164 ¹¹
224 4117 308 4163 Μ
317 4117 412 4161 '‘sulii’'
423 4117 450 4161 ‘¹0
460 4116 483 4161 ΙΙ
494 4117 550 4172 lill¹¹²
613 4125 640 4182 (s)
651 4127 816 4171 sous-entendu
827 4126 1113 4174 verdumoomcndatum.

13 4187 105 4228 urente
115 4195 162 4238 que
174 4182 216 4226 l'on
231 4194 255 4225 se
269 4179 338 4227 serait
353 4179 413 4223 servi
427 4179 466 4222 des
480 4178 551 4222 brouls
