2684 4970
715 453 755 464 ..
768 426 825 482 332
839 453 879 463 ..

341 551 409 610 Nou
420 546 454 609 in
465 547 540 610 seda
550 548 618 628 pari
632 553 765 628 possunt
775 548 815 610 de
828 565 917 624 more
929 547 1039 610 locari.

381 659 493 718 Secum
505 655 615 735 regina
629 659 746 718 tractat
761 682 770 718 a
786 679 802 716 u
816 657 885 718 Non
898 658 948 716 cst
960 651 1086 716 uterina

340 762 395 823 llla
408 760 485 822 mibi
499 762 643 843 soboles3
658 779 724 826 non
738 763 799 826 troo
811 761 906 841 mibi,
920 760 1007 841 quod
1021 775 1093 822 mea
1106 759 1222 836 proles.
1240 781 1255 814 u

341 867 467 930 Destitit
478 867 612 947 infesto,
623 870 691 946 jam
704 867 819 932 dieitur
831 866 865 929 in
877 865 1047 928 manifesto

342 974 438 1038 ludas
450 974 616 1052 inventum
631 978 754 1038 moeret
766 975 1097 1053 tmaaraujuvantus,

343 1086 496 1161 llunoque
508 1080 612 1160 pudor
623 1079 738 1163 laedit,
752 1098 860 1161 regem
874 1081 1004 1142 tratrem
1017 1080 1089 1142 lore
1100 1077 1220 1156 credit,

342 1186 429 1267 Odit,
445 1190 477 1248 et
490 1187 638 1250 ardenter
651 1186 734 1267 adit,
750 1185 928 1266 occiditque
942 1186 1096 1265 latenter,

342 1297 462 1371 Perque
475 1293 566 1354 netas
581 1293 643 1355 tale
654 1292 745 1356 timet
755 1290 888 1354 exitium
901 1289 1047 1370 capitale.

342 1398 400 1473 Qui
412 1398 526 1460 metuit
540 1401 692 1479 mortem,
706 1398 828 1462 variam
837 1397 962 1478 quaerit
974 1395 1034 1459 sibi
1046 1398 1171 1460 sortem

343 1509 411 1580 Qua
422 1505 520 1568 vitam
535 1505 633 1586 figat3
647 1504 759 1570 mortis
773 1503 867 1566 timor
880 1521 974 1566 omne
989 1501 1103 1582 fatigat

344 1611 436 1686 Quod
446 1610 523 1674 vivit
533 1611 666 1674 mundo.
681 1610 777 1674 ludas
790 1609 948 1692 fugiebat,
960 1608 1068 1672 eundo

344 1717 512 1782 admixtus
526 1717 613 1798 genti
626 1717 777 1784 solvenda
792 1717 909 1780 tributa
923 1715 1069 1796 vehenti,

345 1824 440 1888 ttcius
453 1828 490 1886 ut
502 1825 613 1904 quibat
626 1826 781 1904 profugus
794 1822 996 1906 ierosolymis
1010 1821 1088 1886 ibat.

344 1935 387 1993 Ne
400 1929 518 2010 paritas
532 1930 631 2004 desit,
646 1930 746 1994 Pilato
760 1947 856 1994 varus
868 1931 901 2005 (l.
916 1933 1021 2005 carus)
1033 1925 1204 2005 adhaesit,

345 2042 403 2100 Par
415 2036 490 2117 quia
502 2054 596 2116 saepe
606 2037 673 2116 pari
687 2039 824 2100 laetatur
837 2035 1013 2101 consociari
1027 2040 1082 2112 (l).

388 2143 480 2206 Curia
494 2142 584 2206 Pilati
598 2143 683 2223 capit
695 2147 728 2206 et
739 2145 848 2224 captat
859 2141 1019 2223 reprobati

345 2250 445 2313 ludae
457 2253 608 2332 conatus,
623 2249 758 2314 miscent
770 2249 946 2330 parilcsque
959 2253 1087 2328 reatus3

346 2356 376 2420 si
389 2373 459 2419 sors
470 2374 572 2436 aequa
588 2355 691 2437 dabit,
706 2373 836 2436 compar
849 2373 923 2419 cum
935 2369 1085 2433 compare
1095 2350 1196 2414 stabit

345 2464 446 2541 Atque
460 2460 527 2542 pari
540 2463 641 2524 forma
656 2461 768 2526 vivunt
780 2460 873 2525 simili
887 2477 1014 2542 quoque
1031 2475 1156 2524 norma.

386 2567 475 2630 Pilati
490 2568 627 2648 praeerit
639 2568 751 2648 opibus
761 2568 877 2650 ludas,
892 2568 936 2630 ita
949 2566 1075 2648 quaerit

347 2672 536 2754 congruitas
548 2691 674 2738 morum
686 2701 694 2756 3
709 2673 820 2738 levitas
834 2673 1015 2753 geminatur
1028 2689 1164 2751 eorum;

349 2780 448 2843 Ambo
464 2779 643 2844 consimiles
656 2779 715 2842 sibi
729 2783 822 2861 sunt,
836 2781 930 2842 aurbu
944 2778 1020 2860 quin
1032 2779 1112 2843 viles

349 2886 460 2950 Mentis
473 2885 506 2947 in
520 2888 634 2951 obtutu
647 2916 655 2950 ι
670 2888 767 2952 ludas
780 2886 863 2966 regit
874 2886 982 2950 omnia
993 2888 1077 2948 nutu

350 2991 506 3056 Praesidis
520 2995 560 3058 ad
574 2997 700 3075 votum,
714 2995 896 3074 subjectum
909 2994 946 3056 fit
956 2992 1016 3056 sibi
1030 2994 1150 3070 totum3

350 3103 390 3163 Ut
402 3097 460 3161 sibi
474 3117 591 3179 magna
604 3103 712 3181 paret,
727 3100 830 3164 omnis
842 3098 1119 3180 sibicuriaparet.

391 3209 471 3269 Ecce
485 3206 536 3268 die
549 3208 708 3287 quadam,
722 3207 810 3271 velut
820 3207 944 3270 illectus
957 3209 1049 3270 vetus
1061 3204 1185 3284 Adam,

353 3308 401 3373 Sic
415 3313 448 3372 at
459 3310 578 3373 Pilatus
590 3313 720 3374 bortum
733 3311 904 3391 quemdam
918 3312 1100 3391 speculatus

353 3420 397 3478 Ac
407 3417 440 3478 in
454 3433 493 3479 eo
505 3418 645 3497 fructus,
661 3418 839 3496 horumque
849 3416 979 3480 libidine
993 3416 1127 3497 ductus,

354 3520 519 3600 Exspirare
532 3539 632 3599 paene
641 3523 675 3596 (l.
690 3525 783 3600 pene)
796 3521 897 3584 voluit
909 3539 967 3602 pro
981 3522 1109 3585 turbiue
1122 3539 1255 3601 poenae
1267 3524 1316 3604 (Ξ).

353 3626 439 3688 Vidit
452 3629 576 3690 abarce
590 3626 798 3692 domusboua
812 3645 906 3707 poma
921 3646 1035 3708 gerens
1048 3631 1133 3692 bona
1148 3647 1272 3708 pomus
1285 3634 1333 3704 (tta

287 3901 315 3955 (ll
325 3899 388 3944 Getta
396 3895 503 3942 reflexion
512 3907 536 3938 se
545 3900 624 3939 trouve
634 3893 702 3949 aussi,
711 3905 797 3940 comma
832 3902 867 3940 ast
889 3899 968 3954 longua
988 3897 1044 3944 daus
1063 3901 1113 3942 tous
1133 3896 1166 3942 les
1186 3901 1271 3953 poetas
1291 3888 1333 3937 dut

260 3974 288 4007 on
303 3961 330 4006 l’a
345 3973 387 4013 vu,
400 3959 455 4003 daus
466 3957 488 4001 la
502 3956 606 4014 tepente
620 3955 698 4000 dorda.
832 3964 915 4014 temps,

287 4023 316 4077 (ἲ)
329 4020 414 4076 blalgra
430 4024 493 4063 notre
508 4018 643 4071 correction,
660 4018 679 4062 le
698 4030 749 4062 vers
764 4022 797 4063 ost
857 4023 888 4078 (3)
900 4021 1002 4077 (lovers,
1014 4033 1043 4065 au
1053 4021 1126 4066 molus
1135 4020 1219 4065 inutile
1229 4019 1333 4077 pourle!

262 4095 343 4129 encore
357 4082 425 4136 laun
440 4081 461 4126 la
475 4080 583 4136 premiere
597 4079 680 4134 spllabc
693 4079 720 4124 de
734 4078 796 4124 Pone
832 4083 916 4128 semble
929 4083 992 4128 avoir
1003 4083 1125 4138 dtdaJoutt
1139 4093 1181 4137 par
1192 4081 1216 4126 le
1230 4081 1333 4136 copiste!
