2692 4976
509 460 548 473 -·
563 429 671 489 te5-·

129 551 195 614 Sed
208 568 282 614 cum
294 555 467 620 nonnullos
476 575 572 639 super
584 559 633 622 bis
648 557 793 622 dubitare
807 559 947 640 videret,

172 658 269 722 immo
282 677 339 741 per
350 678 470 743 pauens
481 664 530 726 bis
543 664 693 728 adbibere
704 665 820 745 iidem,

14 815 16 820 ,
131 764 179 829 Sit
191 766 256 830 cita
273 791 290 827 «
305 770 476 861 bitumine
489 771 603 839 devote
614 771 705 853 signa
716 775 862 853 petemus

170 891 254 952 quae
266 875 394 940 vuiennt
404 893 514 942 servus
526 877 700 942 cerbbcare
710 893 797 942 suos.
811 899 828 936 »

133 981 239 1060 Tunc,
254 980 389 1060 genibus
402 983 510 1064 flexis,
524 986 702 1054 sternentes
715 1000 848 1064 corpora
863 985 986 1062 terrae,

173 1105 215 1152 ex
228 1089 385 1155 desiderio
399 1091 504 1157 cerdis
515 1091 557 1154 ad
569 1094 656 1156 astra
667 1091 797 1171 volant3

14 1201 15 1212 ¹
131 1199 273 1278 Cumque
283 1197 465 1279 regatudiu
478 1198 580 1279 picus
591 1197 697 1264 divina
711 1197 841 1278 fuisset,

173 1320 323 1386 surgens,
335 1303 531 1385 surgendum
542 1305 701 1386 significat
713 1305 902 1368 trachones.

132 1412 207 1475 Post
218 1411 298 1474 baec
308 1412 480 1492 assumptis
490 1429 601 1478 secum
609 1412 806 1493 senioribus,
819 1411 895 1476 illuc

173 1517 262 1582 ducit
274 1535 330 1582 eos
342 1537 407 1600 quo
419 1521 482 1584 mel
494 1520 608 1600 lacque
619 1518 861 1598 recondidernt3

132 1624 252 1688 Erectis
261 1623 360 1705 igitur
372 1625 474 1690 oculis
484 1625 710 1706 manibusque,
723 1625 859 1687 refertur

172 1731 214 1794 ad
227 1731 396 1795 bominum
405 1733 485 1796 tules
496 1731 678 1796 exhibuisse
686 1745 809 1811 preces.

134 1887 151 1930 u
165 1865 191 1927 0
203 1867 293 1945 pater
310 1864 511 1946 omnipotens
523 1865 579 1946 qui
595 1865 694 1928 verbe
704 1865 820 1926 cuncta
833 1861 966 1941 creasti,

171 1971 290 2052 quique
301 1974 408 2035 creata
419 1971 522 2054 regis,
539 1975 656 2036 cuncta
668 1965 852 2048 movens(1)
863 1967 1001 2048 stabilis,

131 2077 191 2153 Qui
201 2077 241 2140 dc
250 2080 282 2139 te
294 2078 438 2157 genitum
449 2077 551 2142 iecisti
561 2095 689 2142 sumere
703 2093 848 2158 carnem,

172 2184 226 2265 qui
238 2185 360 2248 mundo
372 2185 470 2251 vitem
482 2187 628 2249 mortuus
641 2185 707 2265 ipse
715 2183 824 2265 1dedit3

131 2289 254 2371 Quique
268 2308 371 2356 nuvae
387 2291 468 2372 legis
479 2307 536 2372 per
548 2309 624 2354 eum
635 2290 786 2353 mandate
801 2289 929 2369 dedisti,

171 2415 254 2476 quae
271 2398 297 2461 si
316 2397 388 2479 quis
403 2401 508 2464 servet
525 2398 631 2464 vivere
647 2413 770 2478 semper
786 2395 901 2459 babett
1023 2461 1025 2465 Α

132 2501 194 2565 Sed
203 2502 278 2583 quia
288 2506 356 2583 jam
368 2503 474 2567 senuit
485 2503 643 2584 mundus,
658 2502 713 2568 vix
725 2502 778 2566 illa
789 2505 898 2566 tenere

172 2610 243 2690 quis
258 2613 362 2692 valet3
377 2611 463 2674 unde
477 2613 652 2692 prope-jum
664 2609 746 2690 perit
756 2609 860 2673 omnis
871 2610 985 2687 benre3

133 2715 164 2780 Si
176 2718 281 2797 placet
292 2734 370 2798 erge
379 2717 436 2780 tibi
446 2719 527 2799 legis
537 2718 661 2782 mollire
673 2717 811 2797 rigorem

173 2823 271 2901 (qued
290 2825 322 2886 te
339 2825 500 2888 facturum
513 2841 566 2888 me
579 2823 688 2888 docuit
700 2824 854 2907 Gabriel),

134 2926 275 3007 Digneris
285 2933 411 3010 praeter
419 2930 550 2994 solitum
562 2931 684 2994 munde
698 2932 775 2994 dere
786 2933 932 3012 signum,

171 3050 227 3113 per
238 3037 326 3116 qued
336 3041 448 3104 noscet
458 3037 492 3100 in
504 3038 564 3100 bec
579 3042 611 3099 te
622 3037 681 3099 sibi
694 3041 785 3116 purte
798 3025 896 3118 pium.
915 3026 943 3096 »Ι

132 3137 183 3202 Sic
195 3159 290 3221 prece
302 3143 409 3227 finita,
423 3145 603 3208 Macbomes
620 3142 779 3224 inquirere
793 3145 914 3224 coepit,

173 3265 259 3313 nunc
270 3248 376 3332 bunc,
393 3269 480 3316 nunc
492 3251 581 3314 illum
594 3250 826 3314 dissimulando
839 3251 962 3332 loeum3

133 3357 224 3436 Post,
239 3358 393 3436 tunquam
404 3373 499 3438 cusu,
514 3358 615 3420 fessas
629 3355 757 3420 divertit
768 3356 810 3419 ad
823 3356 892 3420 illes

172 3463 234 3524 mel
246 3461 300 3525 ubi
310 3463 425 3543 lacque
437 3463 525 3543 prius
536 3463 604 3544 ipse
616 3463 849 3526 recondiderat.

133 3571 229 3632 Perre
242 3567 431 3649 cespitibus,
446 3586 532 3632 nunc
543 3569 638 3650 hinc,
653 3587 740 3632 nunc
752 3568 845 3649 inde,
859 3567 989 3634 remotis
998 3615 1011 3648 ‚.

172 3675 270 3736 altera
283 3676 440 3738 fossarum
456 3676 519 3736 mel
531 3675 636 3756 dedit,
650 3677 749 3738 altere
763 3677 831 3756 lae,

133 3783 201 3854 Quo
212 3781 314 3860 magis
326 3780 444 3844 indicio
457 3779 558 3860 pietas
571 3779 677 3844 divina
688 3782 827 3860 placeret
838 3807 847 3859 3

173 3887 278 3952 dulcia
291 3889 352 3953 mel
367 3891 510 3968 superat,
525 3889 607 3950 lacte
618 3887 695 3968 quid
707 3887 809 3950 albius
823 3889 890 3949 est?

66 4107 97 4163 (r)
112 4104 179 4164 licuit
190 4111 288 4165 cuncta,
305 4119 402 4154 mancus
414 4107 508 4154 stabitis
521 4108 575 4152 dens
590 4107 616 4151 b.
