<?xml version="1.0" encoding="UTF-8"?>
<!DOCTYPE html PUBLIC "-//W3C//DTD XHTML 1.0 Transitional//EN"
    "http://www.w3.org/TR/xhtml1/DTD/xhtml1-transitional.dtd">
<html xmlns="http://www.w3.org/1999/xhtml" xml:lang="en" lang="en">
 <head>
  <title>
</title>
<meta http-equiv="Content-Type" content="text/html;charset=utf-8" />
  <meta name='ocr-system' content='tesseract 3.04.00' />
  <meta name='ocr-capabilities' content='ocr_page ocr_carea ocr_par ocr_line ocrx_word'/>
</head>
<body>
  <div class='ocr_page' id='page_1' title='image "./posiespopulaire03mrgoog/posiespopulaire03mrgoog_0399.png"; bbox 0 0 2676 4968; ppageno 0'>
   <div class='ocr_carea' id='block_1_1' title="bbox 485 427 651 487">
    <p class='ocr_par' dir='ltr' id='par_1_1' title="bbox 485 427 651 487">
     <span class='ocr_line' id='line_1_1' title="bbox 485 427 651 487; baseline 0.006 -1"><span class='ocrx_word' id='word_1_1' title='bbox 485 427 651 487; x_wconf 70' lang='grc'>-403-</span> 
     </span>
    </p>
   </div>
   <div class='ocr_carea' id='block_1_2' title="bbox 115 554 980 2243">
    <p class='ocr_par' dir='ltr' id='par_1_2' title="bbox 118 554 814 743">
     <span class='ocr_line' id='line_1_2' title="bbox 118 554 814 638; baseline 0.001 -17"><span class='ocrx_word' id='word_1_2' title='bbox 118 556 167 621; x_wconf 85' lang='lat' dir='ltr'>ilic</span> <span class='ocrx_word' id='word_1_3' title='bbox 179 555 276 636; x_wconf 67' lang='lat' dir='ltr'>ip&#39;tur</span> <span class='ocrx_word' id='word_1_4' title='bbox 289 554 362 618; x_wconf 83' lang='lat' dir='ltr'>talis</span> <span class='ocrx_word' id='word_1_5' title='bbox 375 571 413 618; x_wconf 89' lang='lat' dir='ltr'>ac</span> <span class='ocrx_word' id='word_1_6' title='bbox 426 557 550 638; x_wconf 68' lang='lat' dir='ltr'>unius,</span> <span class='ocrx_word' id='word_1_7' title='bbox 565 557 705 638; x_wconf 79' lang='lat' dir='ltr'>supplice</span> <span class='ocrx_word' id='word_1_8' title='bbox 719 575 814 636; x_wconf 84' lang='lat' dir='ltr'>voce,</span> 
     </span>
     <span class='ocr_line' id='line_1_3' title="bbox 153 661 744 743; baseline -0.002 -15"><span class='ocrx_word' id='word_1_9' title='bbox 153 663 242 728; x_wconf 83' lang='lat' dir='ltr'>vultu</span> <span class='ocrx_word' id='word_1_10' title='bbox 255 661 411 743; x_wconf 82' lang='lat' dir='ltr'>demisso,</span> <span class='ocrx_word' id='word_1_11' title='bbox 425 661 472 726; x_wconf 87' lang='lat' dir='ltr'>sic</span> <span class='ocrx_word' id='word_1_12' title='bbox 484 667 666 728; x_wconf 77' lang='lat' dir='ltr'>reverenter</span> <span class='ocrx_word' id='word_1_13' title='bbox 678 665 722 727; x_wconf 85' lang='lat' dir='ltr'>ait</span> <span class='ocrx_word' id='word_1_14' title='bbox 736 693 744 727; x_wconf 67' lang='grc' dir='ltr'><em>ι</em></span> 
     </span>
    </p>

    <p class='ocr_par' dir='ltr' id='par_1_3' title="bbox 118 769 877 962">
     <span class='ocr_line' id='line_1_4' title="bbox 118 769 877 852; baseline 0.014 -24"><span class='ocrx_word' id='word_1_15' title='bbox 118 773 133 829; x_wconf 83' lang='lat'>«&#39;</span> <span class='ocrx_word' id='word_1_16' title='bbox 145 769 299 850; x_wconf 84' lang='lat' dir='ltr'>Opatriae</span> <span class='ocrx_word' id='word_1_17' title='bbox 311 769 436 833; x_wconf 85' lang='lat' dir='ltr'>eustos!</span> <span class='ocrx_word' id='word_1_18' title='bbox 450 769 579 850; x_wconf 79' lang='lat' dir='ltr'>ospes!</span> <span class='ocrx_word' id='word_1_19' title='bbox 594 773 619 834; x_wconf 88' lang='grc'>0</span> <span class='ocrx_word' id='word_1_20' title='bbox 634 770 733 852; x_wconf 81' lang='lat' dir='ltr'>gloria</span> <span class='ocrx_word' id='word_1_21' title='bbox 748 775 877 840; x_wconf 76' lang='lat' dir='ltr'>nostrat</span> 
     </span>
     <span class='ocr_line' id='line_1_5' title="bbox 156 879 787 962; baseline 0.008 -23"><span class='ocrx_word' id='word_1_22' title='bbox 156 894 213 940; x_wconf 90' lang='lat' dir='ltr'>nos</span> <span class='ocrx_word' id='word_1_23' title='bbox 226 893 336 940; x_wconf 86' lang='lat' dir='ltr'>omnes</span> <span class='ocrx_word' id='word_1_24' title='bbox 348 893 458 942; x_wconf 82' lang='lat' dir='ltr'>servos</span> <span class='ocrx_word' id='word_1_25' title='bbox 473 879 599 942; x_wconf 87' lang='lat' dir='ltr'>noveris</span> <span class='ocrx_word' id='word_1_26' title='bbox 611 897 681 942; x_wconf 88' lang='lat' dir='ltr'>esse</span> <span class='ocrx_word' id='word_1_27' title='bbox 694 883 787 962; x_wconf 84' lang='lat' dir='ltr'>tuos,</span> 
     </span>
    </p>

    <p class='ocr_par' dir='ltr' id='par_1_4' title="bbox 118 977 980 1177">
     <span class='ocr_line' id='line_1_6' title="bbox 118 977 980 1076; baseline 0.003 -23"><span class='ocrx_word' id='word_1_28' title='bbox 118 994 174 1053; x_wconf 90' lang='lat' dir='ltr'>Nec</span> <span class='ocrx_word' id='word_1_29' title='bbox 187 1005 296 1055; x_wconf 80' lang='lat' dir='ltr'>servos</span> <span class='ocrx_word' id='word_1_30' title='bbox 309 989 426 1052; x_wconf 86' lang='lat' dir='ltr'>durum</span> <span class='ocrx_word' id='word_1_31' title='bbox 436 989 491 1070; x_wconf 89' lang='lat' dir='ltr'>qui</span> <span class='ocrx_word' id='word_1_32' title='bbox 504 993 538 1053; x_wconf 92' lang='lat' dir='ltr'>te</span> <span class='ocrx_word' id='word_1_33' title='bbox 550 990 715 1058; x_wconf 89' lang='lat' dir='ltr'>dominum</span> <span class='ocrx_word' id='word_1_34' title='bbox 727 992 896 1076; x_wconf 85' lang='lat' dir='ltr'>patiamur,</span> <span class='ocrx_word' id='word_1_35' title='bbox 977 977 980 986; x_wconf 74' lang='grc'><strong>’</strong></span> 
     </span>
     <span class='ocr_line' id='line_1_7' title="bbox 154 1095 840 1177; baseline 0.006 -18"><span class='ocrx_word' id='word_1_36' title='bbox 154 1096 209 1159; x_wconf 90' lang='lat' dir='ltr'>sed</span> <span class='ocrx_word' id='word_1_37' title='bbox 222 1111 303 1176; x_wconf 88' lang='lat' dir='ltr'>quos</span> <span class='ocrx_word' id='word_1_38' title='bbox 316 1113 405 1159; x_wconf 82' lang='lat' dir='ltr'>more</span> <span class='ocrx_word' id='word_1_39' title='bbox 417 1095 516 1176; x_wconf 83' lang='lat' dir='ltr'>patris</span> <span class='ocrx_word' id='word_1_40' title='bbox 529 1095 729 1177; x_wconf 88' lang='lat' dir='ltr'>corripiendo</span> <span class='ocrx_word' id='word_1_41' title='bbox 742 1099 840 1163; x_wconf 83' lang='lat' dir='ltr'>foves.</span> 
     </span>
    </p>

    <p class='ocr_par' dir='ltr' id='par_1_5' title="bbox 118 1201 876 1392">
     <span class='ocr_line' id='line_1_8' title="bbox 118 1201 872 1288; baseline 0.007 -25"><span class='ocrx_word' id='word_1_42' title='bbox 118 1203 282 1282; x_wconf 72' lang='lat' dir='ltr'>Propterea</span> <span class='ocrx_word' id='word_1_43' title='bbox 295 1201 443 1282; x_wconf 83' lang='lat' dir='ltr'>quotiens</span> <span class='ocrx_word' id='word_1_44' title='bbox 457 1201 605 1265; x_wconf 84' lang='lat' dir='ltr'><strong>audimus</strong></span> <span class='ocrx_word' id='word_1_45' title='bbox 620 1203 752 1283; x_wconf 79' lang='lat' dir='ltr'>grandia</span> <span class='ocrx_word' id='word_1_46' title='bbox 767 1205 872 1288; x_wconf 81' lang='lat' dir='ltr'>dete,</span> 
     </span>
     <span class='ocr_line' id='line_1_9' title="bbox 156 1308 876 1392; baseline 0.003 -20"><span class='ocrx_word' id='word_1_47' title='bbox 156 1309 289 1392; x_wconf 88' lang='lat' dir='ltr'>quisque</span> <span class='ocrx_word' id='word_1_48' title='bbox 301 1311 389 1376; x_wconf 83' lang='lat' dir='ltr'>velut</span> <span class='ocrx_word' id='word_1_49' title='bbox 401 1308 529 1390; x_wconf 88' lang='lat' dir='ltr'>proprio</span> <span class='ocrx_word' id='word_1_50' title='bbox 544 1310 663 1390; x_wconf 82' lang='lat' dir='ltr'>gaudet</span> <span class='ocrx_word' id='word_1_51' title='bbox 674 1311 797 1375; x_wconf 91' lang='lat' dir='ltr'>honore</span> <span class='ocrx_word' id='word_1_52' title='bbox 808 1315 876 1377; x_wconf 87' lang='lat' dir='ltr'>tuo.</span> 
     </span>
    </p>

    <p class='ocr_par' dir='ltr' id='par_1_6' title="bbox 117 1407 892 1587">
     <span class='ocr_line' id='line_1_10' title="bbox 117 1407 892 1501; baseline 0.003 -20"><span class='ocrx_word' id='word_1_53' title='bbox 117 1421 201 1494; x_wconf 85' lang='lat' dir='ltr'>Quae</span> <span class='ocrx_word' id='word_1_54' title='bbox 212 1431 290 1482; x_wconf 85' lang='lat' dir='ltr'>voro</span> <span class='ocrx_word' id='word_1_55' title='bbox 304 1415 344 1479; x_wconf 91' lang='lat' dir='ltr'>do</span> <span class='ocrx_word' id='word_1_56' title='bbox 356 1417 389 1478; x_wconf 83' lang='lat' dir='ltr'>te</span> <span class='ocrx_word' id='word_1_57' title='bbox 402 1415 546 1478; x_wconf 79' lang='lat' dir='ltr'>mnanda</span> <span class='ocrx_word' id='word_1_58' title='bbox 559 1415 657 1479; x_wconf 92' lang='lat' dir='ltr'>modo</span> <span class='ocrx_word' id='word_1_59' title='bbox 670 1417 863 1501; x_wconf 80' lang='lat' dir='ltr'>reseruntur,</span> <span class='ocrx_word' id='word_1_60' title='bbox 890 1407 892 1410; x_wconf 58' lang='grc'><strong>’</strong></span> 
     </span>
     <span class='ocr_line' id='line_1_11' title="bbox 155 1521 786 1587; baseline -0.002 0"><span class='ocrx_word' id='word_1_61' title='bbox 155 1523 314 1587; x_wconf 81' lang='lat' dir='ltr'>extollunt</span> <span class='ocrx_word' id='word_1_62' title='bbox 326 1521 406 1585; x_wconf 90' lang='lat' dir='ltr'>coeli</span> <span class='ocrx_word' id='word_1_63' title='bbox 420 1537 538 1586; x_wconf 86' lang='lat' dir='ltr'>nomen</span> <span class='ocrx_word' id='word_1_64' title='bbox 552 1521 593 1584; x_wconf 89' lang='lat' dir='ltr'>ad</span> <span class='ocrx_word' id='word_1_65' title='bbox 607 1522 671 1584; x_wconf 80' lang='lat' dir='ltr'>alta</span> <span class='ocrx_word' id='word_1_66' title='bbox 684 1523 786 1586; x_wconf 83' lang='lat' dir='ltr'>tuum.</span> 
     </span>
    </p>

    <p class='ocr_par' dir='ltr' id='par_1_7' title="bbox 120 1627 779 1820">
     <span class='ocr_line' id='line_1_12' title="bbox 120 1627 722 1710; baseline -0.003 -16"><span class='ocrx_word' id='word_1_67' title='bbox 120 1635 194 1694; x_wconf 84' lang='lat' dir='ltr'>Nam</span> <span class='ocrx_word' id='word_1_68' title='bbox 208 1629 234 1693; x_wconf 92' lang='lat' dir='ltr'>si</span> <span class='ocrx_word' id='word_1_69' title='bbox 246 1628 385 1694; x_wconf 86' lang='lat' dir='ltr'>consiliis</span> <span class='ocrx_word' id='word_1_70' title='bbox 399 1627 514 1694; x_wconf 82' lang='lat' dir='ltr'>divinis</span> <span class='ocrx_word' id='word_1_71' title='bbox 526 1628 722 1710; x_wconf 85' lang='lat' dir='ltr'>participaris</span> 
     </span>
     <span class='ocr_line' id='line_1_13' title="bbox 153 1735 779 1820; baseline 0.002 -19"><span class='ocrx_word' id='word_1_72' title='bbox 153 1742 185 1801; x_wconf 93' lang='lat' dir='ltr'>et</span> <span class='ocrx_word' id='word_1_73' title='bbox 197 1741 279 1801; x_wconf 81' lang='lat' dir='ltr'>Deus</span> <span class='ocrx_word' id='word_1_74' title='bbox 291 1735 422 1800; x_wconf 83' lang='lat' dir='ltr'>arbitrio</span> <span class='ocrx_word' id='word_1_75' title='bbox 434 1739 552 1800; x_wconf 85' lang='lat' dir='ltr'>tractat</span> <span class='ocrx_word' id='word_1_76' title='bbox 564 1737 689 1817; x_wconf 83' lang='lat' dir='ltr'>agenda</span> <span class='ocrx_word' id='word_1_77' title='bbox 703 1740 779 1820; x_wconf 81' lang='lat' dir='ltr'>tuo,</span> 
     </span>
    </p>

    <p class='ocr_par' dir='ltr' id='par_1_8' title="bbox 115 1844 900 2030">
     <span class='ocr_line' id='line_1_14' title="bbox 115 1844 900 1930; baseline 0.004 -22"><span class='ocrx_word' id='word_1_78' title='bbox 115 1846 251 1926; x_wconf 78' lang='lat' dir='ltr'>angelus</span> <span class='ocrx_word' id='word_1_79' title='bbox 265 1845 322 1907; x_wconf 88' lang='lat' dir='ltr'>aut</span> <span class='ocrx_word' id='word_1_80' title='bbox 331 1846 415 1906; x_wconf 80' lang='lat' dir='ltr'>Deus</span> <span class='ocrx_word' id='word_1_81' title='bbox 426 1857 462 1906; x_wconf 90' lang='lat' dir='ltr'>es</span> <span class='ocrx_word' id='word_1_82' title='bbox 474 1844 616 1906; x_wconf 90' lang='lat' dir='ltr'>humano</span> <span class='ocrx_word' id='word_1_83' title='bbox 630 1859 764 1924; x_wconf 89' lang='lat' dir='ltr'>corpore</span> <span class='ocrx_word' id='word_1_84' title='bbox 778 1847 900 1930; x_wconf 84' lang='lat' dir='ltr'>tectus,</span> 
     </span>
     <span class='ocr_line' id='line_1_15' title="bbox 152 1948 766 2030; baseline 0.003 -18"><span class='ocrx_word' id='word_1_85' title='bbox 152 1952 219 2030; x_wconf 86' lang='lat' dir='ltr'>jam</span> <span class='ocrx_word' id='word_1_86' title='bbox 229 1949 287 2012; x_wconf 90' lang='lat' dir='ltr'>tibi</span> <span class='ocrx_word' id='word_1_87' title='bbox 301 1949 428 2016; x_wconf 87' lang='lat' dir='ltr'>divinus</span> <span class='ocrx_word' id='word_1_88' title='bbox 441 1948 630 2012; x_wconf 82' lang='lat' dir='ltr'>exhibeatur</span> <span class='ocrx_word' id='word_1_89' title='bbox 642 1949 766 2014; x_wconf 88' lang='lat' dir='ltr'>honor!</span> 
     </span>
    </p>

    <p class='ocr_par' dir='ltr' id='par_1_9' title="bbox 118 2055 980 2243">
     <span class='ocr_line' id='line_1_16' title="bbox 118 2055 980 2142; baseline 0.003 -23"><span class='ocrx_word' id='word_1_90' title='bbox 118 2061 185 2119; x_wconf 86' lang='lat' dir='ltr'>Jam</span> <span class='ocrx_word' id='word_1_91' title='bbox 198 2055 255 2119; x_wconf 85' lang='lat' dir='ltr'>tibi</span> <span class='ocrx_word' id='word_1_92' title='bbox 264 2055 425 2120; x_wconf 88' lang='lat' dir='ltr'>donentur</span> <span class='ocrx_word' id='word_1_93' title='bbox 439 2055 665 2137; x_wconf 81' lang='lat' dir='ltr'>thymiamata,</span> <span class='ocrx_word' id='word_1_94' title='bbox 678 2057 774 2120; x_wconf 86' lang='lat' dir='ltr'>thura</span> <span class='ocrx_word' id='word_1_95' title='bbox 788 2063 980 2142; x_wconf 78' lang='lat' dir='ltr'>crementur,</span> 
     </span>
     <span class='ocr_line' id='line_1_17' title="bbox 158 2162 844 2243; baseline -0.006 -18"><span class='ocrx_word' id='word_1_96' title='bbox 158 2165 195 2225; x_wconf 83' lang='lat' dir='ltr'>ot</span> <span class='ocrx_word' id='word_1_97' title='bbox 207 2166 241 2225; x_wconf 89' lang='lat' dir='ltr'>te</span> <span class='ocrx_word' id='word_1_98' title='bbox 253 2165 403 2243; x_wconf 86' lang='lat' dir='ltr'>pacatum</span> <span class='ocrx_word' id='word_1_99' title='bbox 414 2162 555 2225; x_wconf 88' lang='lat' dir='ltr'>mundus</span> <span class='ocrx_word' id='word_1_100' title='bbox 565 2163 684 2225; x_wconf 84' lang='lat' dir='ltr'>trabere</span> <span class='ocrx_word' id='word_1_101' title='bbox 693 2163 809 2243; x_wconf 63' lang='lat' dir='ltr'>quem</span> <span class='ocrx_word' id='word_1_102' title='bbox 827 2187 844 2222; x_wconf 77' lang='lat' dir='ltr'>n</span> 
     </span>
    </p>
   </div>
   <div class='ocr_carea' id='block_1_3' title="bbox 112 2293 1038 3971">
    <p class='ocr_par' dir='ltr' id='par_1_10' title="bbox 112 2293 1038 3971">
     <span class='ocr_line' id='line_1_18' title="bbox 120 2293 943 2380; baseline 0 -20"><span class='ocrx_word' id='word_1_103' title='bbox 120 2293 293 2376; x_wconf 76' lang='lat' dir='ltr'>Respondit</span> <span class='ocrx_word' id='word_1_104' title='bbox 304 2295 506 2358; x_wconf 82' lang='lat' dir='ltr'>Machomes=</span> <span class='ocrx_word' id='word_1_105' title='bbox 523 2317 539 2352; x_wconf 92' lang='lat'>«</span> <span class='ocrx_word' id='word_1_106' title='bbox 554 2297 598 2356; x_wconf 86' lang='lat' dir='ltr'>Ne</span> <span class='ocrx_word' id='word_1_107' title='bbox 610 2311 662 2356; x_wconf 90' lang='lat' dir='ltr'>me</span> <span class='ocrx_word' id='word_1_108' title='bbox 672 2297 796 2374; x_wconf 83' lang='lat' dir='ltr'>jactare</span> <span class='ocrx_word' id='word_1_109' title='bbox 808 2297 943 2380; x_wconf 80' lang='lat' dir='ltr'>viderer,</span> 
     </span>
     <span class='ocr_line' id='line_1_19' title="bbox 159 2399 803 2484; baseline 0.002 -20"><span class='ocrx_word' id='word_1_110' title='bbox 159 2400 357 2482; x_wconf 87' lang='lat' dir='ltr'>propositum</span> <span class='ocrx_word' id='word_1_111' title='bbox 372 2401 477 2463; x_wconf 86' lang='lat' dir='ltr'>iuerat</span> <span class='ocrx_word' id='word_1_112' title='bbox 489 2399 550 2463; x_wconf 88' lang='lat' dir='ltr'>ista</span> <span class='ocrx_word' id='word_1_113' title='bbox 563 2399 655 2463; x_wconf 89' lang='lat' dir='ltr'>silere</span> <span class='ocrx_word' id='word_1_114' title='bbox 665 2401 728 2464; x_wconf 90' lang='lat' dir='ltr'>mei</span> <span class='ocrx_word' id='word_1_115' title='bbox 742 2403 803 2484; x_wconf 83' lang='lat'>(1);</span> 
     </span>
     <span class='ocr_line' id='line_1_20' title="bbox 115 2505 982 2596; baseline -0.003 -21"><span class='ocrx_word' id='word_1_116' title='bbox 115 2509 180 2575; x_wconf 85' lang='lat' dir='ltr'>Sed</span> <span class='ocrx_word' id='word_1_117' title='bbox 190 2523 273 2589; x_wconf 85' lang='lat' dir='ltr'>quae</span> <span class='ocrx_word' id='word_1_118' title='bbox 286 2509 356 2574; x_wconf 84' lang='lat' dir='ltr'>vult</span> <span class='ocrx_word' id='word_1_119' title='bbox 368 2525 424 2588; x_wconf 91' lang='lat' dir='ltr'>per</span> <span class='ocrx_word' id='word_1_120' title='bbox 437 2525 488 2570; x_wconf 90' lang='lat' dir='ltr'>me</span> <span class='ocrx_word' id='word_1_121' title='bbox 501 2505 569 2570; x_wconf 86' lang='lat' dir='ltr'>fieri</span> <span class='ocrx_word' id='word_1_122' title='bbox 585 2505 692 2573; x_wconf 89' lang='lat' dir='ltr'>divina</span> <span class='ocrx_word' id='word_1_123' title='bbox 704 2511 866 2596; x_wconf 83' lang='lat' dir='ltr'>potestas,</span> <span class='ocrx_word' id='word_1_124' title='bbox 980 2526 982 2530; x_wconf 89' lang='lat'>·</span> 
     </span>
     <span class='ocr_line' id='line_1_21' title="bbox 156 2613 867 2696; baseline 0 -18"><span class='ocrx_word' id='word_1_125' title='bbox 156 2632 213 2696; x_wconf 91' lang='lat' dir='ltr'>per</span> <span class='ocrx_word' id='word_1_126' title='bbox 225 2632 277 2677; x_wconf 89' lang='lat' dir='ltr'>me</span> <span class='ocrx_word' id='word_1_127' title='bbox 292 2631 358 2678; x_wconf 90' lang='lat' dir='ltr'>non</span> <span class='ocrx_word' id='word_1_128' title='bbox 371 2613 440 2678; x_wconf 87' lang='lat' dir='ltr'>iieri</span> <span class='ocrx_word' id='word_1_129' title='bbox 454 2613 594 2678; x_wconf 90' lang='lat' dir='ltr'>criminis</span> <span class='ocrx_word' id='word_1_130' title='bbox 607 2629 676 2676; x_wconf 92' lang='lat' dir='ltr'>esse</span> <span class='ocrx_word' id='word_1_131' title='bbox 687 2632 770 2678; x_wconf 86' lang='lat' dir='ltr'>reor.</span> <span class='ocrx_word' id='word_1_132' title='bbox 862 2629 867 2644; x_wconf 88' lang='lat'><em>·</em></span> 
     </span>
     <span class='ocr_line' id='line_1_22' title="bbox 117 2719 850 2804; baseline 0 -20"><span class='ocrx_word' id='word_1_133' title='bbox 117 2727 203 2802; x_wconf 82' lang='lat' dir='ltr'>Ergo</span> <span class='ocrx_word' id='word_1_134' title='bbox 214 2723 305 2785; x_wconf 90' lang='lat' dir='ltr'>locus</span> <span class='ocrx_word' id='word_1_135' title='bbox 317 2724 424 2785; x_wconf 87' lang='lat' dir='ltr'>certus</span> <span class='ocrx_word' id='word_1_136' title='bbox 438 2721 470 2782; x_wconf 89' lang='lat' dir='ltr'>et</span> <span class='ocrx_word' id='word_1_137' title='bbox 481 2719 636 2784; x_wconf 87' lang='lat' dir='ltr'>terminus</span> <span class='ocrx_word' id='word_1_138' title='bbox 653 2719 850 2804; x_wconf 83' lang='lat' dir='ltr'>instituatur,</span> 
     </span>
     <span class='ocr_line' id='line_1_23' title="bbox 157 2827 868 2909; baseline 0 -19"><span class='ocrx_word' id='word_1_139' title='bbox 157 2827 192 2891; x_wconf 91' lang='lat' dir='ltr'>in</span> <span class='ocrx_word' id='word_1_140' title='bbox 202 2845 267 2908; x_wconf 88' lang='lat' dir='ltr'>quo</span> <span class='ocrx_word' id='word_1_141' title='bbox 280 2827 472 2892; x_wconf 88' lang='lat' dir='ltr'>conveniant</span> <span class='ocrx_word' id='word_1_142' title='bbox 484 2843 559 2890; x_wconf 89' lang='lat' dir='ltr'>eum</span> <span class='ocrx_word' id='word_1_143' title='bbox 569 2827 687 2907; x_wconf 88' lang='lat' dir='ltr'>populo</span> <span class='ocrx_word' id='word_1_144' title='bbox 701 2843 848 2907; x_wconf 85' lang='lat' dir='ltr'>proceres</span> <span class='ocrx_word' id='word_1_145' title='bbox 861 2877 868 2909; x_wconf 81' lang='lat'>‚</span> 
     </span>
     <span class='ocr_line' id='line_1_24' title="bbox 112 2929 1038 3014; baseline -0.003 -18"><span class='ocrx_word' id='word_1_146' title='bbox 112 2935 158 2996; x_wconf 82' lang='lat' dir='ltr'>ot</span> <span class='ocrx_word' id='word_1_147' title='bbox 169 2934 345 2996; x_wconf 80' lang='lat' dir='ltr'>referamus</span> <span class='ocrx_word' id='word_1_148' title='bbox 356 2930 402 2994; x_wconf 92' lang='lat' dir='ltr'>eis</span> <span class='ocrx_word' id='word_1_149' title='bbox 415 2947 498 3011; x_wconf 87' lang='lat' dir='ltr'>quae</span> <span class='ocrx_word' id='word_1_150' title='bbox 512 2931 553 2992; x_wconf 89' lang='lat' dir='ltr'>sit</span> <span class='ocrx_word' id='word_1_151' title='bbox 568 2929 674 2994; x_wconf 86' lang='lat' dir='ltr'>divina</span> <span class='ocrx_word' id='word_1_152' title='bbox 688 2933 856 3014; x_wconf 80' lang='lat' dir='ltr'>voluntas,</span> <span class='ocrx_word' id='word_1_153' title='bbox 989 2985 991 2990; x_wconf 30' lang='lat' dir='ltr'>s</span> <span class='ocrx_word' id='word_1_154' title='bbox 1035 2931 1038 2938; x_wconf 85' lang='grc'><strong>’</strong></span> 
     </span>
     <span class='ocr_line' id='line_1_25' title="bbox 157 3035 774 3121; baseline -0.006 -19"><span class='ocrx_word' id='word_1_155' title='bbox 157 3038 294 3121; x_wconf 87' lang='lat' dir='ltr'>qualiter</span> <span class='ocrx_word' id='word_1_156' title='bbox 306 3037 440 3102; x_wconf 85' lang='lat' dir='ltr'>infirmis</span> <span class='ocrx_word' id='word_1_157' title='bbox 453 3053 584 3118; x_wconf 87' lang='lat' dir='ltr'>parcere</span> <span class='ocrx_word' id='word_1_158' title='bbox 597 3035 774 3116; x_wconf 85' lang='lat' dir='ltr'>provideat.</span> 
     </span>
     <span class='ocr_line' id='line_1_26' title="bbox 117 3141 1010 3230; baseline -0.006 -20"><span class='ocrx_word' id='word_1_159' title='bbox 117 3146 323 3230; x_wconf 87' lang='lat' dir='ltr'>Longinquas</span> <span class='ocrx_word' id='word_1_160' title='bbox 334 3145 432 3226; x_wconf 79' lang='lat' dir='ltr'>igitur</span> <span class='ocrx_word' id='word_1_161' title='bbox 443 3146 608 3224; x_wconf 88' lang='lat' dir='ltr'>percurrat</span> <span class='ocrx_word' id='word_1_162' title='bbox 620 3141 752 3222; x_wconf 90' lang='lat' dir='ltr'>epistola</span> <span class='ocrx_word' id='word_1_163' title='bbox 766 3143 893 3226; x_wconf 80' lang='lat' dir='ltr'>partes,</span> <span class='ocrx_word' id='word_1_164' title='bbox 1008 3147 1010 3154; x_wconf 82' lang='grc'><em>’</em></span> 
     </span>
     <span class='ocr_line' id='line_1_27' title="bbox 160 3247 877 3331; baseline -0.01 -16"><span class='ocrx_word' id='word_1_165' title='bbox 160 3253 484 3331; x_wconf 74' lang='lat' dir='ltr'>condecernentes,</span> <span class='ocrx_word' id='word_1_166' title='bbox 499 3247 650 3329; x_wconf 88' lang='lat' dir='ltr'>temporis</span> <span class='ocrx_word' id='word_1_167' title='bbox 663 3250 760 3328; x_wconf 83' lang='lat' dir='ltr'>atque</span> <span class='ocrx_word' id='word_1_168' title='bbox 772 3249 845 3313; x_wconf 90' lang='lat' dir='ltr'>ioci.</span> <span class='ocrx_word' id='word_1_169' title='bbox 861 3273 877 3308; x_wconf 70' lang='lat' dir='ltr'>a</span> 
     </span>
     <span class='ocr_line' id='line_1_28' title="bbox 118 3349 922 3440; baseline -0.002 -18"><span class='ocrx_word' id='word_1_170' title='bbox 118 3359 247 3423; x_wconf 87' lang='lat' dir='ltr'>Dictum</span> <span class='ocrx_word' id='word_1_171' title='bbox 257 3357 424 3440; x_wconf 78' lang='lat' dir='ltr'>laudatur3</span> <span class='ocrx_word' id='word_1_172' title='bbox 439 3357 580 3420; x_wconf 90' lang='lat' dir='ltr'>edictum</span> <span class='ocrx_word' id='word_1_173' title='bbox 591 3354 744 3438; x_wconf 73' lang='lat' dir='ltr'>mittitur3</span> <span class='ocrx_word' id='word_1_174' title='bbox 758 3374 869 3420; x_wconf 90' lang='lat' dir='ltr'>omnes</span> <span class='ocrx_word' id='word_1_175' title='bbox 919 3349 922 3354; x_wconf 79' lang='grc'><strong>’</strong></span> 
     </span>
     <span class='ocr_line' id='line_1_29' title="bbox 160 3464 995 3547; baseline -0.002 -18"><span class='ocrx_word' id='word_1_176' title='bbox 160 3470 229 3530; x_wconf 87' lang='lat' dir='ltr'>tam</span> <span class='ocrx_word' id='word_1_177' title='bbox 241 3464 437 3547; x_wconf 81' lang='lat' dir='ltr'>Mechomi(s)</span> <span class='ocrx_word' id='word_1_178' title='bbox 446 3481 564 3527; x_wconf 88' lang='lat' dir='ltr'>nomen</span> <span class='ocrx_word' id='word_1_179' title='bbox 574 3481 671 3544; x_wconf 90' lang='lat' dir='ltr'>quam</span> <span class='ocrx_word' id='word_1_180' title='bbox 684 3480 768 3527; x_wconf 84' lang='lat' dir='ltr'>nova</span> <span class='ocrx_word' id='word_1_181' title='bbox 782 3465 867 3528; x_wconf 86' lang='lat' dir='ltr'>fama</span> <span class='ocrx_word' id='word_1_182' title='bbox 880 3471 995 3531; x_wconf 86' lang='lat' dir='ltr'>movet.</span> 
     </span>
     <span class='ocr_line' id='line_1_30' title="bbox 118 3567 898 3651; baseline -0.004 -15"><span class='ocrx_word' id='word_1_183' title='bbox 118 3574 286 3636; x_wconf 75' lang='lat' dir='ltr'>conventu</span> <span class='ocrx_word' id='word_1_184' title='bbox 301 3573 405 3651; x_wconf 84' lang='lat' dir='ltr'>iacto,</span> <span class='ocrx_word' id='word_1_185' title='bbox 421 3567 617 3646; x_wconf 86' lang='lat' dir='ltr'>Machomi(s)</span> <span class='ocrx_word' id='word_1_186' title='bbox 627 3569 777 3632; x_wconf 83' lang='lat' dir='ltr'>facundia</span> <span class='ocrx_word' id='word_1_187' title='bbox 791 3574 898 3651; x_wconf 87' lang='lat' dir='ltr'>captat</span> 
     </span>
     <span class='ocr_line' id='line_1_31' title="bbox 162 3673 852 3757; baseline -0.001 -17"><span class='ocrx_word' id='word_1_188' title='bbox 162 3695 258 3741; x_wconf 88' lang='lat' dir='ltr'>aures</span> <span class='ocrx_word' id='word_1_189' title='bbox 271 3680 305 3742; x_wconf 86' lang='lat' dir='ltr'>et</span> <span class='ocrx_word' id='word_1_190' title='bbox 316 3679 457 3757; x_wconf 76' lang='lat' dir='ltr'>mantea,</span> <span class='ocrx_word' id='word_1_191' title='bbox 473 3673 632 3756; x_wconf 81' lang='lat' dir='ltr'>gestibus,</span> <span class='ocrx_word' id='word_1_192' title='bbox 647 3692 718 3757; x_wconf 86' lang='lat' dir='ltr'>ore,</span> <span class='ocrx_word' id='word_1_193' title='bbox 734 3693 852 3756; x_wconf 80' lang='lat' dir='ltr'>manu3</span> 
     </span>
     <span class='ocr_line' id='line_1_32' title="bbox 118 3781 817 3865; baseline -0.007 -16"><span class='ocrx_word' id='word_1_194' title='bbox 118 3784 214 3850; x_wconf 90' lang='lat' dir='ltr'>Unde</span> <span class='ocrx_word' id='word_1_195' title='bbox 227 3783 304 3847; x_wconf 83' lang='lat' dir='ltr'>satis</span> <span class='ocrx_word' id='word_1_196' title='bbox 316 3783 426 3865; x_wconf 81' lang='lat' dir='ltr'>miror,</span> <span class='ocrx_word' id='word_1_197' title='bbox 442 3781 469 3844; x_wconf 90' lang='lat' dir='ltr'>si</span> <span class='ocrx_word' id='word_1_198' title='bbox 481 3783 531 3846; x_wconf 89' lang='lat' dir='ltr'>vel</span> <span class='ocrx_word' id='word_1_199' title='bbox 544 3782 699 3845; x_wconf 79' lang='lat' dir='ltr'>initurus</span> <span class='ocrx_word' id='word_1_200' title='bbox 710 3782 743 3844; x_wconf 93' lang='lat' dir='ltr'>in</span> <span class='ocrx_word' id='word_1_201' title='bbox 756 3781 817 3845; x_wconf 90' lang='lat' dir='ltr'>illis</span> 
     </span>
     <span class='ocr_line' id='line_1_33' title="bbox 163 3887 875 3971; baseline -0.003 -18"><span class='ocrx_word' id='word_1_202' title='bbox 163 3890 220 3971; x_wconf 84' lang='lat' dir='ltr'>qui</span> <span class='ocrx_word' id='word_1_203' title='bbox 233 3889 404 3954; x_wconf 85' lang='lat' dir='ltr'>Machomis</span> <span class='ocrx_word' id='word_1_204' title='bbox 416 3887 518 3955; x_wconf 86' lang='lat' dir='ltr'>verbis</span> <span class='ocrx_word' id='word_1_205' title='bbox 530 3888 629 3950; x_wconf 87' lang='lat' dir='ltr'>nollet</span> <span class='ocrx_word' id='word_1_206' title='bbox 641 3889 759 3950; x_wconf 87' lang='lat' dir='ltr'>habere</span> <span class='ocrx_word' id='word_1_207' title='bbox 769 3888 875 3951; x_wconf 85' lang='lat' dir='ltr'>fidem.</span> 
     </span>
    </p>
   </div>
   <div class='ocr_carea' id='block_1_4' title="bbox 36 4099 274 4159">
    <p class='ocr_par' dir='ltr' id='par_1_11' title="bbox 36 4099 274 4159">
     <span class='ocr_line' id='line_1_34' title="bbox 36 4099 274 4159; baseline -0.025 -11"><span class='ocrx_word' id='word_1_208' title='bbox 36 4106 73 4159; x_wconf 76' lang='lat' dir='ltr'>(t)</span> <span class='ocrx_word' id='word_1_209' title='bbox 92 4099 164 4146; x_wconf 75' lang='lat' dir='ltr'>Mihi</span> <span class='ocrx_word' id='word_1_210' title='bbox 179 4101 235 4145; x_wconf 85' lang='lat' dir='ltr'>dans</span> <span class='ocrx_word' id='word_1_211' title='bbox 247 4102 274 4144; x_wconf 86' lang='lat' dir='ltr'>B.</span> 
     </span>
    </p>
   </div>
   <div class='ocr_carea' id='block_1_5' title="bbox 0 0 1343 4968">
    <p class='ocr_par' dir='ltr' id='par_1_12' title="bbox 0 0 1343 4968">
     <span class='ocr_line' id='line_1_35' title="bbox 0 0 1343 4968; baseline 0 0"><span class='ocrx_word' id='word_1_212' title='bbox 0 0 1343 4968; x_wconf 95' lang='lat' dir='ltr'> </span> 
     </span>
    </p>
   </div>
  </div>
 </body>
</html>
