2662 4968
687 447 851 515 -rre-
975 409 980 422 ’

264 571 269 589 ‘
308 587 382 632 nam
397 567 478 632 dixit
491 570 656 634 veredicus
671 587 776 634 sermo
791 570 952 633 seniorum
967 597 975 630 ι

306 679 419 737 Pacem
431 675 522 738 terris
534 676 664 760 abstulit
678 677 835 740 adventus
846 693 968 740 corum.

305 814 365 871 Per
378 811 436 872 bos
449 814 575 872 Fratres
589 811 733 874 omnium
748 811 838 891 quies
851 811 1066 891 perturbatur,

305 914 433 979 unionis
446 915 610 980 vinculum
622 917 775 999 peripsos
789 920 950 999 vastatur,

305 1020 434 1085 libertas
447 1023 646 1086 studentium
658 1023 704 1087 sic
718 1024 912 1105 eliminatur,

305 1128 392 1209 quod
405 1147 463 1209 per
475 1130 640 1212 privilegia
654 1132 761 1194 nullus
769 1135 837 1213 jam
848 1135 940 1195 curat
981 1179 989 1194 .

305 1270 425 1334 Radius
438 1273 629 1336 concordiae
642 1291 698 1354 per
711 1274 773 1337 hoc
787 1275 820 1348 (l.
832 1275 892 1336 hos
901 1278 925 1350 l)
939 1272 1108 1353 eclipsatur
1120 1277 1180 1353 (t),

306 1387 338 1445 et
351 1385 438 1464 pacis
451 1384 606 1448 stabilitas
619 1385 746 1448 ruinam
760 1385 915 1465 minatur,

306 1476 472 1572 omnisque
486 1490 640 1556 securitas
652 1493 764 1572 procul
777 1490 958 1573 effugatur,

305 1601 337 1660 et
350 1597 405 1662 vix
417 1599 508 1679 quies
519 1599 690 1675 modicuts)
706 1597 864 1679 aliquibus
882 1599 987 1662 datur.

305 1742 366 1805 sed
378 1741 405 1804 si
419 1748 535 1822 Papam
548 1741 701 1806 Dominus
713 1741 806 1804 nobis
820 1741 917 1804 talem
931 1741 1038 1822 daret,
1144 1779 1146 1784 -

304 1865 415 1911 eorum
429 1847 597 1911 consilium
610 1847 664 1928 qui
679 1864 745 1910 non
759 1848 968 1928 approbaret,

303 1953 403 2034 etqui
417 1952 619 2034 supercilium
630 1971 742 2018 eorum
755 1955 909 2034 calcaret,

302 2059 380 2142 quin
393 2060 473 2126 irem
486 2061 528 2124 ad
539 2060 661 2124 curiam
673 2059 751 2123 nihil
764 2077 817 2122 me
830 2060 982 2122 tardaret.

304 2201 363 2277 Qui
376 2206 545 2283 postquam
559 2202 719 2266 silentium
733 2201 894 2264 Fratribus
907 2201 1065 2281 imponet,

303 2309 400 2372 credo
411 2309 498 2389 quod
513 2312 596 2373 bane
610 2309 745 2388 gratiam
758 2313 841 2371 Deus
854 2308 931 2370 mihi
944 2308 1060 2389 donet,

302 2417 391 2496 quod
404 2434 571 2480 rancorem
584 2416 754 2497 pristinum
767 2418 902 2497 uterque
913 2416 1070 2495 deponet,

302 2527 398 2603 atque
411 2523 491 2586 meis
501 2523 648 2603 precibus
660 2522 792 2604 quilibet
803 2524 983 2602 componet.

301 2669 475 2746 Imperator
486 2665 605 2728 scilicet
619 2668 652 2727 et
665 2669 748 2744 Papa
762 2667 927 2745 lecturus3

295 2770 429 2834 'recedet
443 2770 600 2834 discordia
615 2774 647 2832 et
658 2790 722 2851 pax
734 2771 794 2834 erit
807 2789 937 2850 murus,

188 2909 190 2914 ·
301 2878 513 2942 omnishomo
527 2877 643 2958 poterit
657 2878 795 2941 dormire
809 2895 961 2959 securus,

302 3004 321 3047 a
336 2986 424 3049 nullo
439 2985 630 3048 calumniam
644 2986 693 3049 vel
706 2986 858 3048 damnum
872 3001 1034 3065 passurus.

303 3125 381 3183 Nam
393 3138 467 3183 cunr
481 3121 514 3182 in
526 3120 681 3201 capitibus
692 3137 756 3200 pax
770 3121 830 3182 erit
843 3119 985 3198 firmata,

303 3227 336 3290 in
350 3227 499 3290 membris
511 3244 568 3308 per
581 3244 779 3308 consequens
791 3225 853 3288 erit
865 3226 1035 3288 reformata
1046 3249 1054 3304 3

302 3352 410 3416 mons,
425 3334 532 3416 vallis,
547 3334 698 3415 planicies
711 3332 875 3414 quiescent
889 3335 921 3394 et
932 3334 1049 3410 strata,

303 3440 435 3520 domus,
450 3439 666 3503 babitaculum
680 3441 713 3501 et
725 3437 828 3501 omnis
843 3439 998 3501 contrata.

302 3577 475 3653 Imperator
489 3576 522 3635 et
534 3573 580 3636 eis
593 3589 716 3652 semper
730 3571 790 3633 luit
804 3571 875 3634 talis

302 3680 389 3760 quod
401 3682 470 3760 eius
481 3678 603 3758 Justitia
617 3697 683 3742 non
696 3677 836 3759 pepercit
848 3677 960 3760 malis,

299 3786 443 3866 quamvis
456 3790 539 3849 essct
553 3786 648 3848 etiam
660 3803 737 3848 suus
751 3785 994 3864 commelnlsalis
1111 3803 1114 3806 ·

300 3895 350 3958 vel
363 3892 484 3957 amicus
497 3893 637 3973 qualibet
649 3892 751 3973 magis
764 3891 917 3973 specialis.

234 4120 262 4176 (ll
276 4117 317 4163 Est
325 4118 441 4175 obscurcl3
452 4130 521 4175 vopei
530 4119 559 4163 du
570 4119 657 4175 Gange,
671 4126 686 4163 t.
698 4119 743 4174 lll,
757 4132 779 4176 p.
791 4124 814 4174 tt,
826 4090 867 4164 col.
882 4124 905 4164 2.
